<?xml version="1.0" encoding="UTF-8"?>
<!DOCTYPE html PUBLIC "-//W3C//DTD XHTML 1.0 Transitional//EN"
    "http://www.w3.org/TR/xhtml1/DTD/xhtml1-transitional.dtd">
<html xmlns="http://www.w3.org/1999/xhtml" xml:lang="en" lang="en">
 <head>
  <title>
</title>
<meta http-equiv="Content-Type" content="text/html;charset=utf-8" />
  <meta name='ocr-system' content='tesseract 3.04.00' />
  <meta name='ocr-capabilities' content='ocr_page ocr_carea ocr_par ocr_line ocrx_word'/>
</head>
<body>
  <div class='ocr_page' id='page_1' title='image "./quaestionesdemo00stavgoog_0043.png"; bbox 0 0 3650 5709; ppageno 0'>
   <div class='ocr_carea' id='block_1_1' title="bbox 761 438 974 506">
    <p class='ocr_par' dir='ltr' id='par_1_1' title="bbox 761 438 974 506">
     <span class='ocr_line' id='line_1_1' title="bbox 761 438 974 506; baseline 0.019 -22"><span class='ocrx_word' id='word_1_1' title='bbox 761 438 974 506; x_wconf 72' lang='lat'><strong>-36-</strong></span> 
     </span>
    </p>
   </div>
   <div class='ocr_carea' id='block_1_2' title="bbox 218 624 1533 4645">
    <p class='ocr_par' dir='ltr' id='par_1_2' title="bbox 304 624 1324 711">
     <span class='ocr_line' id='line_1_2' title="bbox 304 624 1324 711; baseline 0.002 -20"><span class='ocrx_word' id='word_1_2' title='bbox 304 626 427 693; x_wconf 82' lang='lat' dir='ltr'><strong>Eadem</strong></span> <span class='ocrx_word' id='word_1_3' title='bbox 450 650 498 694; x_wconf 91' lang='lat' dir='ltr'><strong>res</strong></span> <span class='ocrx_word' id='word_1_4' title='bbox 521 631 653 711; x_wconf 88' lang='lat' dir='ltr'><strong>apparet</strong></span> <span class='ocrx_word' id='word_1_5' title='bbox 673 647 712 691; x_wconf 86' lang='lat' dir='ltr'><strong>ex</strong></span> <span class='ocrx_word' id='word_1_6' title='bbox 735 624 815 691; x_wconf 87' lang='lat' dir='ltr'><strong>OIA</strong></span> <span class='ocrx_word' id='word_1_7' title='bbox 839 624 877 689; x_wconf 94' lang='grc' dir='ltr'>Π</span> <span class='ocrx_word' id='word_1_8' title='bbox 898 626 993 709; x_wconf 88' lang='grc' dir='ltr'><strong><em>808ο,</em></strong></span> <span class='ocrx_word' id='word_1_9' title='bbox 1014 625 1056 693; x_wconf 84' lang='grc'><strong>82</strong></span> <span class='ocrx_word' id='word_1_10' title='bbox 1079 633 1111 693; x_wconf 90' lang='lat' dir='ltr'><strong>et</strong></span> <span class='ocrx_word' id='word_1_11' title='bbox 1132 627 1231 709; x_wconf 79' lang='lat' dir='ltr'><strong>ebed,</strong></span> <span class='ocrx_word' id='word_1_12' title='bbox 1252 628 1324 693; x_wconf 82' lang='lat'><strong>220.</strong></span> 
     </span>
    </p>

    <p class='ocr_par' dir='ltr' id='par_1_3' title="bbox 220 720 1515 2367">
     <span class='ocr_line' id='line_1_3' title="bbox 304 720 1507 814; baseline 0.006 -19"><span class='ocrx_word' id='word_1_13' title='bbox 304 727 370 795; x_wconf 85' lang='lat' dir='ltr'><strong>Sed</strong></span> <span class='ocrx_word' id='word_1_14' title='bbox 402 732 496 796; x_wconf 90' lang='lat' dir='ltr'><strong>etiam</strong></span> <span class='ocrx_word' id='word_1_15' title='bbox 526 731 552 797; x_wconf 94' lang='lat' dir='ltr'><strong>si</strong></span> <span class='ocrx_word' id='word_1_16' title='bbox 583 720 735 814; x_wconf 88' lang='lat' dir='ltr'><strong>ponamus</strong></span> <span class='ocrx_word' id='word_1_17' title='bbox 765 727 948 812; x_wconf 88' lang='lat' dir='ltr'><strong>Diepithem</strong></span> <span class='ocrx_word' id='word_1_18' title='bbox 980 752 1063 796; x_wconf 89' lang='lat' dir='ltr'><strong>anno</strong></span> <span class='ocrx_word' id='word_1_19' title='bbox 1097 731 1161 796; x_wconf 82' lang='lat'><strong>342</strong></span> <span class='ocrx_word' id='word_1_20' title='bbox 1201 731 1342 797; x_wconf 90' lang='lat' dir='ltr'><strong>nondum</strong></span> <span class='ocrx_word' id='word_1_21' title='bbox 1375 732 1507 803; x_wconf 81' lang='lat' dir='ltr'><strong>Athenas</strong></span> 
     </span>
     <span class='ocr_line' id='line_1_4' title="bbox 221 830 1507 921; baseline 0.004 -23"><span class='ocrx_word' id='word_1_22' title='bbox 221 834 390 915; x_wconf 82' lang='lat' dir='ltr'><strong>revertisse,</strong></span> <span class='ocrx_word' id='word_1_23' title='bbox 417 834 534 899; x_wconf 91' lang='lat' dir='ltr'><strong>multae</strong></span> <span class='ocrx_word' id='word_1_24' title='bbox 556 833 696 899; x_wconf 88' lang='lat' dir='ltr'><strong>oriuntur</strong></span> <span class='ocrx_word' id='word_1_25' title='bbox 717 830 924 897; x_wconf 87' lang='lat' dir='ltr'><strong>difficultates.</strong></span> <span class='ocrx_word' id='word_1_26' title='bbox 970 835 989 917; x_wconf 68' lang='lat'>5</span> <span class='ocrx_word' id='word_1_27' title='bbox 1011 833 1032 899; x_wconf 85' lang='lat'><strong>3</strong></span> <span class='ocrx_word' id='word_1_28' title='bbox 1065 834 1266 917; x_wconf 84' lang='lat' dir='ltr'><strong>conqueritur</strong></span> <span class='ocrx_word' id='word_1_29' title='bbox 1294 833 1334 899; x_wconf 94' lang='lat' dir='ltr'><strong>de</strong></span> <span class='ocrx_word' id='word_1_30' title='bbox 1357 833 1507 921; x_wconf 90' lang='lat' dir='ltr'><strong>Diepithe,</strong></span> 
     </span>
     <span class='ocr_line' id='line_1_5' title="bbox 221 936 1507 1020; baseline 0.005 -19"><span class='ocrx_word' id='word_1_31' title='bbox 221 937 305 1020; x_wconf 92' lang='lat' dir='ltr'><strong>quod</strong></span> <span class='ocrx_word' id='word_1_32' title='bbox 324 937 358 1001; x_wconf 93' lang='lat' dir='ltr'><strong>in</strong></span> <span class='ocrx_word' id='word_1_33' title='bbox 373 936 541 1002; x_wconf 77' lang='lat' dir='ltr'><strong>Thraciam</strong></span> <span class='ocrx_word' id='word_1_34' title='bbox 558 936 704 1019; x_wconf 82' lang='lat' dir='ltr'><strong>irruperit</strong></span> <span class='ocrx_word' id='word_1_35' title='bbox 724 940 901 1019; x_wconf 89' lang='lat' dir='ltr'><strong>terramque</strong></span> <span class='ocrx_word' id='word_1_36' title='bbox 915 937 1091 1003; x_wconf 87' lang='lat' dir='ltr'><strong>vastaverit.</strong></span> <span class='ocrx_word' id='word_1_37' title='bbox 1136 937 1259 1003; x_wconf 79' lang='lat' dir='ltr'><strong>Eodem</strong></span> <span class='ocrx_word' id='word_1_38' title='bbox 1275 936 1369 1002; x_wconf 91' lang='lat' dir='ltr'><strong>modo</strong></span> <span class='ocrx_word' id='word_1_39' title='bbox 1385 938 1507 1007; x_wconf 90' lang='lat' dir='ltr'><strong>eundem</strong></span> 
     </span>
     <span class='ocr_line' id='line_1_6' title="bbox 221 1039 1509 1126; baseline 0.001 -21"><span class='ocrx_word' id='word_1_40' title='bbox 221 1042 437 1125; x_wconf 84' lang='lat' dir='ltr'><strong>imperatorem</strong></span> <span class='ocrx_word' id='word_1_41' title='bbox 459 1041 492 1105; x_wconf 90' lang='lat' dir='ltr'><strong>in</strong></span> <span class='ocrx_word' id='word_1_42' title='bbox 507 1039 674 1104; x_wconf 78' lang='lat' dir='ltr'><strong>Thraciam</strong></span> <span class='ocrx_word' id='word_1_43' title='bbox 695 1039 841 1105; x_wconf 88' lang='lat' dir='ltr'><strong>invasisse</strong></span> <span class='ocrx_word' id='word_1_44' title='bbox 863 1039 896 1103; x_wconf 94' lang='lat' dir='ltr'><strong>in</strong></span> <span class='ocrx_word' id='word_1_45' title='bbox 911 1039 1136 1106; x_wconf 83' lang='lat' dir='ltr'><strong>Demosthenis</strong></span> <span class='ocrx_word' id='word_1_46' title='bbox 1158 1040 1298 1106; x_wconf 90' lang='lat' dir='ltr'><strong>oratione</strong></span> <span class='ocrx_word' id='word_1_47' title='bbox 1312 1039 1403 1108; x_wconf 86' lang='lat' dir='ltr'><strong>VIII</strong></span> <span class='ocrx_word' id='word_1_48' title='bbox 1425 1042 1509 1126; x_wconf 90' lang='lat' dir='ltr'><strong>scrip·</strong></span> 
     </span>
     <span class='ocr_line' id='line_1_7' title="bbox 222 1142 1510 1227; baseline 0.005 -20"><span class='ocrx_word' id='word_1_49' title='bbox 222 1149 288 1207; x_wconf 91' lang='lat' dir='ltr'><strong>tum</strong></span> <span class='ocrx_word' id='word_1_50' title='bbox 302 1144 433 1226; x_wconf 83' lang='lat' dir='ltr'><strong>legimus</strong></span> <span class='ocrx_word' id='word_1_51' title='bbox 447 1143 689 1227; x_wconf 90' lang='lat' dir='ltr'><strong>Philippumque</strong></span> <span class='ocrx_word' id='word_1_52' title='bbox 711 1164 749 1207; x_wconf 88' lang='lat' dir='ltr'><strong>ea</strong></span> <span class='ocrx_word' id='word_1_53' title='bbox 770 1142 810 1207; x_wconf 94' lang='lat' dir='ltr'><strong>de</strong></span> <span class='ocrx_word' id='word_1_54' title='bbox 831 1164 865 1207; x_wconf 88' lang='lat' dir='ltr'><strong>re</strong></span> <span class='ocrx_word' id='word_1_55' title='bbox 886 1142 998 1209; x_wconf 89' lang='lat' dir='ltr'><strong>litteris</strong></span> <span class='ocrx_word' id='word_1_56' title='bbox 1019 1166 1103 1210; x_wconf 88' lang='lat' dir='ltr'><strong>anno</strong></span> <span class='ocrx_word' id='word_1_57' title='bbox 1118 1144 1213 1227; x_wconf 57' lang='lat'>34322</span> <span class='ocrx_word' id='word_1_58' title='bbox 1228 1150 1433 1227; x_wconf 90' lang='lat' dir='ltr'><strong>conquestum</strong></span> <span class='ocrx_word' id='word_1_59' title='bbox 1455 1166 1510 1213; x_wconf 87' lang='lat' dir='ltr'><strong>esse</strong></span> 
     </span>
     <span class='ocr_line' id='line_1_8' title="bbox 222 1246 1512 1332; baseline 0.002 -20"><span class='ocrx_word' id='word_1_60' title='bbox 222 1252 312 1312; x_wconf 89' lang='lat' dir='ltr'><strong>etex</strong></span> <span class='ocrx_word' id='word_1_61' title='bbox 332 1246 457 1311; x_wconf 87' lang='lat' dir='ltr'><strong>Libanii</strong></span> <span class='ocrx_word' id='word_1_62' title='bbox 479 1252 663 1330; x_wconf 85' lang='lat' dir='ltr'><strong>argumento</strong></span> <span class='ocrx_word' id='word_1_63' title='bbox 686 1251 717 1311; x_wconf 87' lang='lat' dir='ltr'><strong>et</strong></span> <span class='ocrx_word' id='word_1_64' title='bbox 738 1267 777 1311; x_wconf 87' lang='lat' dir='ltr'><strong>ex</strong></span> <span class='ocrx_word' id='word_1_65' title='bbox 797 1248 866 1330; x_wconf 93' lang='lat' dir='ltr'><strong>ipsa</strong></span> <span class='ocrx_word' id='word_1_66' title='bbox 887 1247 1027 1313; x_wconf 91' lang='lat' dir='ltr'><strong>oratione</strong></span> <span class='ocrx_word' id='word_1_67' title='bbox 1049 1254 1189 1332; x_wconf 87' lang='lat' dir='ltr'><strong>apparet.</strong></span> <span class='ocrx_word' id='word_1_68' title='bbox 1235 1246 1429 1314; x_wconf 82' lang='lat' dir='ltr'><strong>Schaeferus</strong></span> <span class='ocrx_word' id='word_1_69' title='bbox 1441 1250 1463 1330; x_wconf 90' lang='grc'><strong>1)</strong></span> <span class='ocrx_word' id='word_1_70' title='bbox 1487 1258 1512 1316; x_wconf 89' lang='lat' dir='ltr'><strong>et</strong></span> 
     </span>
     <span class='ocr_line' id='line_1_9' title="bbox 220 1348 1512 1435; baseline 0.003 -22"><span class='ocrx_word' id='word_1_71' title='bbox 220 1350 253 1413; x_wconf 91' lang='lat' dir='ltr'><strong>in</strong></span> <span class='ocrx_word' id='word_1_72' title='bbox 274 1349 497 1415; x_wconf 88' lang='lat' dir='ltr'><strong>Demosthenis</strong></span> <span class='ocrx_word' id='word_1_73' title='bbox 519 1350 659 1415; x_wconf 89' lang='lat' dir='ltr'><strong>oratione</strong></span> <span class='ocrx_word' id='word_1_74' title='bbox 681 1350 765 1414; x_wconf 90' lang='lat' dir='ltr'><strong>etin</strong></span> <span class='ocrx_word' id='word_1_75' title='bbox 787 1348 926 1433; x_wconf 91' lang='lat' dir='ltr'><strong>Philippi</strong></span> <span class='ocrx_word' id='word_1_76' title='bbox 948 1350 1059 1415; x_wconf 88' lang='lat' dir='ltr'><strong>litteris</strong></span> <span class='ocrx_word' id='word_1_77' title='bbox 1081 1350 1121 1415; x_wconf 95' lang='lat' dir='ltr'><strong>de</strong></span> <span class='ocrx_word' id='word_1_78' title='bbox 1142 1350 1253 1415; x_wconf 88' lang='lat' dir='ltr'><strong>eadem</strong></span> <span class='ocrx_word' id='word_1_79' title='bbox 1275 1350 1329 1435; x_wconf 83' lang='lat' dir='ltr'><strong>agi</strong></span> <span class='ocrx_word' id='word_1_80' title='bbox 1349 1350 1512 1434; x_wconf 87' lang='lat' dir='ltr'><strong>irruptione</strong></span> 
     </span>
     <span class='ocr_line' id='line_1_10' title="bbox 220 1451 1513 1537; baseline 0.004 -20"><span class='ocrx_word' id='word_1_81' title='bbox 220 1458 317 1536; x_wconf 90' lang='lat' dir='ltr'><strong>putat</strong></span> <span class='ocrx_word' id='word_1_82' title='bbox 362 1452 523 1536; x_wconf 84' lang='lat' dir='ltr'><strong>Sequitur,</strong></span> <span class='ocrx_word' id='word_1_83' title='bbox 543 1458 579 1518; x_wconf 90' lang='lat' dir='ltr'><strong>ut</strong></span> <span class='ocrx_word' id='word_1_84' title='bbox 600 1451 765 1536; x_wconf 91' lang='lat' dir='ltr'><strong>Philippus</strong></span> <span class='ocrx_word' id='word_1_85' title='bbox 787 1452 826 1518; x_wconf 92' lang='lat' dir='ltr'><strong>de</strong></span> <span class='ocrx_word' id='word_1_86' title='bbox 848 1453 957 1518; x_wconf 91' lang='lat' dir='ltr'><strong>eadem</strong></span> <span class='ocrx_word' id='word_1_87' title='bbox 980 1474 1014 1518; x_wconf 91' lang='lat' dir='ltr'><strong>re</strong></span> <span class='ocrx_word' id='word_1_88' title='bbox 1036 1454 1083 1519; x_wconf 89' lang='lat' dir='ltr'><strong>bis</strong></span> <span class='ocrx_word' id='word_1_89' title='bbox 1104 1459 1290 1537; x_wconf 83' lang='lat' dir='ltr'><strong>conquestus</strong></span> <span class='ocrx_word' id='word_1_90' title='bbox 1311 1453 1361 1536; x_wconf 91' lang='lat' dir='ltr'><strong>sit,</strong></span> <span class='ocrx_word' id='word_1_91' title='bbox 1382 1453 1409 1519; x_wconf 91' lang='lat' dir='ltr'><strong>si</strong></span> <span class='ocrx_word' id='word_1_92' title='bbox 1431 1454 1513 1522; x_wconf 92' lang='lat' dir='ltr'><strong>modo</strong></span> 
     </span>
     <span class='ocr_line' id='line_1_11' title="bbox 221 1555 1513 1642; baseline 0.002 -22"><span class='ocrx_word' id='word_1_93' title='bbox 221 1556 354 1640; x_wconf 86' lang='lat' dir='ltr'><strong>epistula</strong></span> <span class='ocrx_word' id='word_1_94' title='bbox 375 1555 463 1621; x_wconf 87' lang='lat' dir='ltr'><strong>nobis</strong></span> <span class='ocrx_word' id='word_1_95' title='bbox 491 1556 607 1620; x_wconf 89' lang='lat' dir='ltr'><strong>tradita</strong></span> <span class='ocrx_word' id='word_1_96' title='bbox 629 1576 712 1620; x_wconf 87' lang='lat' dir='ltr'><strong>anno</strong></span> <span class='ocrx_word' id='word_1_97' title='bbox 733 1555 797 1622; x_wconf 84' lang='lat'><strong>339</strong></span> <span class='ocrx_word' id='word_1_98' title='bbox 827 1556 943 1640; x_wconf 89' lang='lat' dir='ltr'><strong>scripta</strong></span> <span class='ocrx_word' id='word_1_99' title='bbox 971 1562 1026 1622; x_wconf 87' lang='lat' dir='ltr'><strong>est.</strong></span> <span class='ocrx_word' id='word_1_100' title='bbox 1069 1556 1337 1623; x_wconf 89' lang='lat' dir='ltr'><strong>Praetermisisset</strong></span> <span class='ocrx_word' id='word_1_101' title='bbox 1362 1577 1439 1640; x_wconf 84' lang='lat' dir='ltr'><strong>ergo</strong></span> <span class='ocrx_word' id='word_1_102' title='bbox 1460 1579 1513 1642; x_wconf 84' lang='lat' dir='ltr'><strong>rex,</strong></span> 
     </span>
     <span class='ocr_line' id='line_1_12' title="bbox 221 1658 1514 1745; baseline 0.001 -21"><span class='ocrx_word' id='word_1_103' title='bbox 221 1662 274 1743; x_wconf 90' lang='lat' dir='ltr'><strong>qui</strong></span> <span class='ocrx_word' id='word_1_104' title='bbox 304 1664 420 1743; x_wconf 89' lang='lat' dir='ltr'><strong>quanto</strong></span> <span class='ocrx_word' id='word_1_105' title='bbox 453 1658 556 1724; x_wconf 88' lang='lat' dir='ltr'><strong>studio</strong></span> <span class='ocrx_word' id='word_1_106' title='bbox 588 1659 752 1724; x_wconf 90' lang='lat' dir='ltr'><strong>incusandi</strong></span> <span class='ocrx_word' id='word_1_107' title='bbox 785 1681 896 1725; x_wconf 89' lang='lat' dir='ltr'><strong>causas</strong></span> <span class='ocrx_word' id='word_1_108' title='bbox 928 1660 1138 1745; x_wconf 79' lang='lat' dir='ltr'><strong>indagaverit,</strong></span> <span class='ocrx_word' id='word_1_109' title='bbox 1174 1681 1213 1725; x_wconf 85' lang='lat' dir='ltr'><strong>ex</strong></span> <span class='ocrx_word' id='word_1_110' title='bbox 1246 1664 1267 1743; x_wconf 65' lang='grc' dir='ltr'>ξ</span> <span class='ocrx_word' id='word_1_111' title='bbox 1301 1661 1342 1726; x_wconf 88' lang='grc'><strong>16</strong></span> <span class='ocrx_word' id='word_1_112' title='bbox 1385 1668 1514 1744; x_wconf 83' lang='lat' dir='ltr'><strong>apparet,</strong></span> 
     </span>
     <span class='ocr_line' id='line_1_13' title="bbox 220 1762 1514 1848; baseline 0.002 -21"><span class='ocrx_word' id='word_1_113' title='bbox 220 1784 332 1829; x_wconf 89' lang='lat' dir='ltr'><strong>novam</strong></span> <span class='ocrx_word' id='word_1_114' title='bbox 354 1762 518 1828; x_wconf 87' lang='lat' dir='ltr'><strong>incusandi</strong></span> <span class='ocrx_word' id='word_1_115' title='bbox 540 1763 743 1829; x_wconf 86' lang='lat' dir='ltr'><strong>occasionem.</strong></span> <span class='ocrx_word' id='word_1_116' title='bbox 788 1763 1018 1848; x_wconf 81' lang='lat' dir='ltr'><strong>Exspectamus</strong></span> <span class='ocrx_word' id='word_1_117' title='bbox 1040 1765 1124 1830; x_wconf 92' lang='lat' dir='ltr'><strong>enim</strong></span> <span class='ocrx_word' id='word_1_118' title='bbox 1145 1785 1251 1848; x_wconf 85' lang='lat' dir='ltr'><strong>regem</strong></span> <span class='ocrx_word' id='word_1_119' title='bbox 1275 1764 1391 1847; x_wconf 89' lang='lat' dir='ltr'><strong>dicere,</strong></span> <span class='ocrx_word' id='word_1_120' title='bbox 1414 1785 1514 1848; x_wconf 87' lang='lat' dir='ltr'><strong>quem-</strong></span> 
     </span>
     <span class='ocr_line' id='line_1_14' title="bbox 222 1865 1514 1951; baseline 0.002 -20"><span class='ocrx_word' id='word_1_121' title='bbox 222 1889 315 1951; x_wconf 91' lang='lat' dir='ltr'><strong>quam</strong></span> <span class='ocrx_word' id='word_1_122' title='bbox 335 1867 399 1931; x_wconf 90' lang='lat' dir='ltr'><strong>iam</strong></span> <span class='ocrx_word' id='word_1_123' title='bbox 421 1866 543 1932; x_wconf 90' lang='lat' dir='ltr'><strong>duobus</strong></span> <span class='ocrx_word' id='word_1_124' title='bbox 566 1867 655 1931; x_wconf 88' lang='lat' dir='ltr'><strong>annis</strong></span> <span class='ocrx_word' id='word_1_125' title='bbox 677 1872 750 1932; x_wconf 90' lang='lat' dir='ltr'><strong>ante</strong></span> <span class='ocrx_word' id='word_1_126' title='bbox 773 1889 811 1932; x_wconf 90' lang='lat' dir='ltr'><strong>ea</strong></span> <span class='ocrx_word' id='word_1_127' title='bbox 833 1867 929 1933; x_wconf 91' lang='lat' dir='ltr'><strong>dere</strong></span> <span class='ocrx_word' id='word_1_128' title='bbox 952 1865 1162 1933; x_wconf 85' lang='lat' dir='ltr'><strong>Athenienses</strong></span> <span class='ocrx_word' id='word_1_129' title='bbox 1182 1868 1385 1950; x_wconf 85' lang='lat' dir='ltr'><strong>incusaverit,</strong></span> <span class='ocrx_word' id='word_1_130' title='bbox 1417 1873 1514 1934; x_wconf 88' lang='lat' dir='ltr'><strong>tamen</strong></span> 
     </span>
     <span class='ocr_line' id='line_1_15' title="bbox 222 1969 1515 2055; baseline 0.003 -21"><span class='ocrx_word' id='word_1_131' title='bbox 222 1969 431 2036; x_wconf 91' lang='lat' dir='ltr'><strong>Athenienses</strong></span> <span class='ocrx_word' id='word_1_132' title='bbox 446 1969 628 2054; x_wconf 89' lang='lat' dir='ltr'><strong>Diepithem</strong></span> <span class='ocrx_word' id='word_1_133' title='bbox 652 1991 714 2036; x_wconf 88' lang='lat' dir='ltr'><strong>non</strong></span> <span class='ocrx_word' id='word_1_134' title='bbox 729 1970 877 2037; x_wconf 89' lang='lat' dir='ltr'><strong>multasse</strong></span> <span class='ocrx_word' id='word_1_135' title='bbox 887 1975 919 2051; x_wconf 78' lang='lat'><strong>²).</strong></span> <span class='ocrx_word' id='word_1_136' title='bbox 964 1972 1034 2036; x_wconf 90' lang='lat' dir='ltr'><strong>Aut</strong></span> <span class='ocrx_word' id='word_1_137' title='bbox 1048 1970 1215 2055; x_wconf 86' lang='lat' dir='ltr'><strong>Diepithes</strong></span> <span class='ocrx_word' id='word_1_138' title='bbox 1236 1971 1284 2037; x_wconf 90' lang='lat' dir='ltr'><strong>bis</strong></span> <span class='ocrx_word' id='word_1_139' title='bbox 1305 1972 1338 2035; x_wconf 94' lang='lat' dir='ltr'><strong>in</strong></span> <span class='ocrx_word' id='word_1_140' title='bbox 1354 1971 1515 2038; x_wconf 77' lang='lat' dir='ltr'><strong>Thraciam</strong></span> 
     </span>
     <span class='ocr_line' id='line_1_16' title="bbox 220 2072 1515 2159; baseline 0.002 -21"><span class='ocrx_word' id='word_1_141' title='bbox 220 2073 331 2158; x_wconf 91' lang='lat' dir='ltr'><strong>irrupit</strong></span> <span class='ocrx_word' id='word_1_142' title='bbox 352 2080 384 2139; x_wconf 91' lang='lat' dir='ltr'><strong>et</strong></span> <span class='ocrx_word' id='word_1_143' title='bbox 406 2072 571 2158; x_wconf 92' lang='lat' dir='ltr'><strong>Philippus</strong></span> <span class='ocrx_word' id='word_1_144' title='bbox 592 2074 703 2139; x_wconf 89' lang='lat' dir='ltr'><strong>litteris</strong></span> <span class='ocrx_word' id='word_1_145' title='bbox 726 2074 765 2140; x_wconf 91' lang='lat' dir='ltr'><strong>de</strong></span> <span class='ocrx_word' id='word_1_146' title='bbox 786 2075 958 2159; x_wconf 89' lang='lat' dir='ltr'><strong>irruptione</strong></span> <span class='ocrx_word' id='word_1_147' title='bbox 980 2075 1076 2159; x_wconf 90' lang='lat' dir='ltr'><strong>paulo</strong></span> <span class='ocrx_word' id='word_1_148' title='bbox 1103 2080 1176 2140; x_wconf 88' lang='lat' dir='ltr'><strong>ante</strong></span> <span class='ocrx_word' id='word_1_149' title='bbox 1204 2074 1292 2140; x_wconf 83' lang='lat' dir='ltr'><strong>facta</strong></span> <span class='ocrx_word' id='word_1_150' title='bbox 1313 2075 1515 2159; x_wconf 88' lang='lat' dir='ltr'><strong>conqueritur.</strong></span> 
     </span>
     <span class='ocr_line' id='line_1_17' title="bbox 222 2175 1515 2264; baseline 0.003 -23"><span class='ocrx_word' id='word_1_151' title='bbox 222 2175 312 2260; x_wconf 80' lang='lat' dir='ltr'><strong>Quae</strong></span> <span class='ocrx_word' id='word_1_152' title='bbox 333 2178 359 2243; x_wconf 93' lang='lat' dir='ltr'><strong>si</strong></span> <span class='ocrx_word' id='word_1_153' title='bbox 380 2178 426 2242; x_wconf 89' lang='lat' dir='ltr'><strong>ita</strong></span> <span class='ocrx_word' id='word_1_154' title='bbox 448 2183 558 2259; x_wconf 87' lang='lat' dir='ltr'><strong>essent,</strong></span> <span class='ocrx_word' id='word_1_155' title='bbox 580 2177 745 2262; x_wconf 90' lang='lat' dir='ltr'><strong>Phihppus</strong></span> <span class='ocrx_word' id='word_1_156' title='bbox 766 2184 849 2243; x_wconf 87' lang='lat' dir='ltr'><strong>certe</strong></span> <span class='ocrx_word' id='word_1_157' title='bbox 874 2179 1002 2245; x_wconf 88' lang='lat' dir='ltr'><strong>dixisset</strong></span> <span class='ocrx_word' id='word_1_158' title='bbox 1016 2178 1200 2263; x_wconf 88' lang='lat' dir='ltr'><strong>Diepithem</strong></span> <span class='ocrx_word' id='word_1_159' title='bbox 1220 2179 1285 2244; x_wconf 69' lang='lat' dir='ltr'><strong>mm</strong></span> <span class='ocrx_word' id='word_1_160' title='bbox 1304 2179 1392 2264; x_wconf 85' lang='lat' dir='ltr'><strong>prius</strong></span> <span class='ocrx_word' id='word_1_161' title='bbox 1414 2178 1515 2245; x_wconf 90' lang='lat' dir='ltr'><strong>eodem</strong></span> 
     </span>
     <span class='ocr_line' id='line_1_18' title="bbox 221 2280 1053 2367; baseline 0.005 -23"><span class='ocrx_word' id='word_1_162' title='bbox 221 2280 313 2347; x_wconf 92' lang='lat' dir='ltr'><strong>modo</strong></span> <span class='ocrx_word' id='word_1_163' title='bbox 334 2302 444 2365; x_wconf 90' lang='lat' dir='ltr'><strong>pacem</strong></span> <span class='ocrx_word' id='word_1_164' title='bbox 467 2280 636 2366; x_wconf 83' lang='lat' dir='ltr'><strong>foedusque</strong></span> <span class='ocrx_word' id='word_1_165' title='bbox 658 2303 763 2347; x_wconf 92' lang='lat' dir='ltr'><strong>secum</strong></span> <span class='ocrx_word' id='word_1_166' title='bbox 786 2281 902 2348; x_wconf 84' lang='lat' dir='ltr'><strong>sactum</strong></span> <span class='ocrx_word' id='word_1_167' title='bbox 924 2282 1053 2367; x_wconf 89' lang='lat' dir='ltr'><strong>rupisse.</strong></span> 
     </span>
    </p>

    <p class='ocr_par' dir='ltr' id='par_1_4' title="bbox 220 2383 1523 3382">
     <span class='ocr_line' id='line_1_19' title="bbox 306 2383 1517 2475; baseline 0.003 -25"><span class='ocrx_word' id='word_1_168' title='bbox 306 2386 441 2450; x_wconf 85' lang='lat' dir='ltr'><strong>Accedit</strong></span> <span class='ocrx_word' id='word_1_169' title='bbox 462 2384 561 2449; x_wconf 91' lang='lat' dir='ltr'><strong>altera</strong></span> <span class='ocrx_word' id='word_1_170' title='bbox 582 2383 757 2451; x_wconf 84' lang='lat' dir='ltr'><strong>difficultas.</strong></span> <span class='ocrx_word' id='word_1_171' title='bbox 801 2385 882 2471; x_wconf 72' lang='lat'><strong>§11</strong></span> <span class='ocrx_word' id='word_1_172' title='bbox 912 2386 1020 2452; x_wconf 86' lang='lat' dir='ltr'><strong>scribit</strong></span> <span class='ocrx_word' id='word_1_173' title='bbox 1046 2408 1113 2452; x_wconf 87' lang='lat' dir='ltr'><strong>rex:</strong></span> <span class='ocrx_word' id='word_1_174' title='bbox 1145 2386 1345 2473; x_wconf 80' lang='grc' dir='ltr'><strong><em>Καρδιανοῖς</em></strong></span> <span class='ocrx_word' id='word_1_175' title='bbox 1372 2384 1410 2452; x_wconf 80' lang='grc' dir='ltr'><strong>δέ</strong></span> <span class='ocrx_word' id='word_1_176' title='bbox 1439 2410 1517 2475; x_wconf 79' lang='grc' dir='ltr'><strong><em>φημι</em></strong></span> 
     </span>
     <span class='ocr_line' id='line_1_20' title="bbox 220 2480 1518 2577; baseline 0.002 -24"><span class='ocrx_word' id='word_1_177' title='bbox 220 2491 358 2577; x_wconf 74' lang='grc' dir='ltr'><em>βοηθεῖν</em></span> <span class='ocrx_word' id='word_1_178' title='bbox 379 2485 515 2574; x_wconf 77' lang='grc' dir='ltr'><strong>γεγονώς</strong></span> <span class='ocrx_word' id='word_1_179' title='bbox 536 2482 650 2566; x_wconf 80' lang='grc' dir='ltr'><strong>αοίοῖς</strong></span> <span class='ocrx_word' id='word_1_180' title='bbox 671 2485 739 2574; x_wconf 86' lang='grc' dir='ltr'><strong>πρὸ</strong></span> <span class='ocrx_word' id='word_1_181' title='bbox 760 2487 817 2576; x_wconf 75' lang='grc' dir='ltr'><strong>τῆς</strong></span> <span class='ocrx_word' id='word_1_182' title='bbox 839 2483 968 2577; x_wconf 79' lang='grc' dir='ltr'><strong><em>εἰρήνης</em></strong></span> <span class='ocrx_word' id='word_1_183' title='bbox 990 2480 1157 2573; x_wconf 82' lang='grc' dir='ltr'><strong><em>σύμμαχος</em></strong></span> <span class='ocrx_word' id='word_1_184' title='bbox 1177 2484 1242 2556; x_wconf 66' lang='lat' dir='ltr'><strong>aui.</strong></span> <span class='ocrx_word' id='word_1_185' title='bbox 1288 2491 1414 2556; x_wconf 76' lang='lat' dir='ltr'><strong>Eadem</strong></span> <span class='ocrx_word' id='word_1_186' title='bbox 1429 2492 1518 2557; x_wconf 87' lang='lat' dir='ltr'><strong>verba</strong></span> 
     </span>
     <span class='ocr_line' id='line_1_21' title="bbox 221 2591 1518 2675; baseline 0.003 -20"><span class='ocrx_word' id='word_1_187' title='bbox 221 2591 385 2675; x_wconf 89' lang='lat' dir='ltr'><strong>Phihppus</strong></span> <span class='ocrx_word' id='word_1_188' title='bbox 405 2592 438 2655; x_wconf 89' lang='lat' dir='ltr'><strong>in</strong></span> <span class='ocrx_word' id='word_1_189' title='bbox 460 2591 585 2673; x_wconf 90' lang='lat' dir='ltr'><strong>litteris,</strong></span> <span class='ocrx_word' id='word_1_190' title='bbox 617 2613 750 2675; x_wconf 89' lang='lat' dir='ltr'><strong>quarum</strong></span> <span class='ocrx_word' id='word_1_191' title='bbox 772 2591 1002 2658; x_wconf 91' lang='lat' dir='ltr'><strong>Demosthenes</strong></span> <span class='ocrx_word' id='word_1_192' title='bbox 1029 2594 1063 2657; x_wconf 95' lang='lat' dir='ltr'><strong>in</strong></span> <span class='ocrx_word' id='word_1_193' title='bbox 1086 2593 1278 2659; x_wconf 90' lang='lat' dir='ltr'><strong>orationibus</strong></span> <span class='ocrx_word' id='word_1_194' title='bbox 1301 2594 1392 2662; x_wconf 85' lang='lat' dir='ltr'><strong>VIII</strong></span> <span class='ocrx_word' id='word_1_195' title='bbox 1414 2599 1447 2659; x_wconf 89' lang='lat' dir='ltr'><strong>et</strong></span> <span class='ocrx_word' id='word_1_196' title='bbox 1469 2594 1518 2660; x_wconf 90' lang='lat' dir='ltr'><strong>IX</strong></span> 
     </span>
     <span class='ocr_line' id='line_1_22' title="bbox 222 2690 1519 2785; baseline 0.004 -26"><span class='ocrx_word' id='word_1_197' title='bbox 222 2700 253 2759; x_wconf 90' lang='lat' dir='ltr'><strong>et</strong></span> <span class='ocrx_word' id='word_1_198' title='bbox 273 2695 311 2759; x_wconf 93' lang='lat' dir='ltr'><strong>X</strong></span> <span class='ocrx_word' id='word_1_199' title='bbox 333 2695 523 2760; x_wconf 90' lang='lat' dir='ltr'><strong>mentionem</strong></span> <span class='ocrx_word' id='word_1_200' title='bbox 545 2696 635 2776; x_wconf 87' lang='lat' dir='ltr'><strong>facit,</strong></span> <span class='ocrx_word' id='word_1_201' title='bbox 668 2696 846 2780; x_wconf 87' lang='lat' dir='ltr'><strong>scripserat:</strong></span> <span class='ocrx_word' id='word_1_202' title='bbox 881 2695 970 2764; x_wconf 86' lang='lat' dir='ltr'><strong>VIII</strong></span> <span class='ocrx_word' id='word_1_203' title='bbox 994 2697 1034 2762; x_wconf 92' lang='grc'><strong>16</strong></span> <span class='ocrx_word' id='word_1_204' title='bbox 1057 2690 1111 2783; x_wconf 72' lang='grc' dir='ltr'><strong>εἴγ’</strong></span> <span class='ocrx_word' id='word_1_205' title='bbox 1137 2691 1174 2761; x_wconf 80' lang='grc' dir='ltr'><strong>ἐκ</strong></span> <span class='ocrx_word' id='word_1_206' title='bbox 1195 2700 1251 2784; x_wconf 74' lang='grc' dir='ltr'><strong>τῆς</strong></span> <span class='ocrx_word' id='word_1_207' title='bbox 1272 2691 1453 2785; x_wconf 77' lang='grc' dir='ltr'><strong><em>ἐπιστολῆς</em></strong></span> <span class='ocrx_word' id='word_1_208' title='bbox 1475 2698 1519 2764; x_wconf 80' lang='grc' dir='ltr'><strong>δεῖ</strong></span> 
     </span>
     <span class='ocr_line' id='line_1_23' title="bbox 221 2786 1521 2889; baseline 0.002 -26"><span class='ocrx_word' id='word_1_209' title='bbox 221 2801 358 2863; x_wconf 80' lang='grc' dir='ltr'><em>σκοπεῖν</em></span> <span class='ocrx_word' id='word_1_210' title='bbox 379 2786 418 2886; x_wconf 72' lang='grc' dir='ltr'><strong>ἧς</strong></span> <span class='ocrx_word' id='word_1_211' title='bbox 439 2793 574 2883; x_wconf 74' lang='grc' dir='ltr'><em>ἔπεμψε</em></span> <span class='ocrx_word' id='word_1_212' title='bbox 597 2796 681 2880; x_wconf 80' lang='grc' dir='ltr'><strong><em>πρὸς</em></strong></span> <span class='ocrx_word' id='word_1_213' title='bbox 701 2791 799 2887; x_wconf 77' lang='grc' dir='ltr'><strong><em>ἡμᾶς,</em></strong></span> <span class='ocrx_word' id='word_1_214' title='bbox 822 2792 1024 2882; x_wconf 74' lang='grc' dir='ltr'><strong>ἀμυνεῖσθαί</strong></span> <span class='ocrx_word' id='word_1_215' title='bbox 1046 2822 1128 2889; x_wconf 81' lang='grc' dir='ltr'><strong><em>φησι</em></strong></span> <span class='ocrx_word' id='word_1_216' title='bbox 1151 2792 1227 2877; x_wconf 72' lang='grc' dir='ltr'><strong>τοῖς</strong></span> <span class='ocrx_word' id='word_1_217' title='bbox 1250 2796 1283 2863; x_wconf 81' lang='grc' dir='ltr'><strong>ἒν</strong></span> <span class='ocrx_word' id='word_1_218' title='bbox 1299 2796 1521 2889; x_wconf 81' lang='grc' dir='ltr'><strong><em>Χερρονήσωι;</em></strong></span> 
     </span>
     <span class='ocr_line' id='line_1_24' title="bbox 220 2896 1521 2990; baseline 0 -21"><span class='ocrx_word' id='word_1_219' title='bbox 220 2905 262 2969; x_wconf 88' lang='grc'><strong>64</strong></span> <span class='ocrx_word' id='word_1_220' title='bbox 294 2896 331 2968; x_wconf 81' lang='grc' dir='ltr'><strong>οὗ</strong></span> <span class='ocrx_word' id='word_1_221' title='bbox 361 2902 416 2966; x_wconf 78' lang='grc' dir='ltr'><strong>νῦν</strong></span> <span class='ocrx_word' id='word_1_222' title='bbox 443 2900 500 2990; x_wconf 75' lang='grc' dir='ltr'><strong>τὴν</strong></span> <span class='ocrx_word' id='word_1_223' title='bbox 531 2897 630 2967; x_wconf 84' lang='grc' dir='ltr'><strong><em>πόλιν</em></strong></span> <span class='ocrx_word' id='word_1_224' title='bbox 659 2900 716 2990; x_wconf 78' lang='grc' dir='ltr'><strong>τὴν</strong></span> <span class='ocrx_word' id='word_1_225' title='bbox 738 2902 935 2987; x_wconf 76' lang='grc' dir='ltr'><strong><em>Καρδιανιῖν</em></strong></span> <span class='ocrx_word' id='word_1_226' title='bbox 964 2897 1028 2984; x_wconf 71' lang='grc' dir='ltr'><strong>ἔχει</strong></span> <span class='ocrx_word' id='word_1_227' title='bbox 1058 2901 1114 2968; x_wconf 79' lang='grc' dir='ltr'><strong>καὶ</strong></span> <span class='ocrx_word' id='word_1_228' title='bbox 1137 2897 1291 2989; x_wconf 79' lang='grc' dir='ltr'><strong>ὁμολογεῖ</strong></span> <span class='ocrx_word' id='word_1_229' title='bbox 1320 2908 1369 2986; x_wconf 83' lang='lat'><strong>(=</strong></span> <span class='ocrx_word' id='word_1_230' title='bbox 1396 2904 1433 2968; x_wconf 91' lang='lat' dir='ltr'>X</span> <span class='ocrx_word' id='word_1_231' title='bbox 1458 2904 1521 2985; x_wconf 82' lang='grc'>65);</span> 
     </span>
     <span class='ocr_line' id='line_1_25' title="bbox 220 3001 1521 3094; baseline 0.002 -23"><span class='ocrx_word' id='word_1_232' title='bbox 220 3006 277 3071; x_wconf 91' lang='grc' dir='ltr'><strong>ΙΧ</strong></span> <span class='ocrx_word' id='word_1_233' title='bbox 298 3007 337 3072; x_wconf 86' lang='grc'><strong>16</strong></span> <span class='ocrx_word' id='word_1_234' title='bbox 359 3002 407 3083; x_wconf 81' lang='grc' dir='ltr'><strong>εἰς</strong></span> <span class='ocrx_word' id='word_1_235' title='bbox 421 3001 626 3094; x_wconf 76' lang='grc' dir='ltr'><strong><em>Χερρόνησον</em></strong></span> <span class='ocrx_word' id='word_1_236' title='bbox 648 3003 756 3086; x_wconf 81' lang='grc' dir='ltr'><em>ξένους</em></span> <span class='ocrx_word' id='word_1_237' title='bbox 777 3001 959 3088; x_wconf 72' lang='grc' dir='ltr'><em>εἰσπέμπει</em></span> <span class='ocrx_word' id='word_1_238' title='bbox 981 3004 1038 3071; x_wconf 81' lang='grc' dir='ltr'><strong>καὶ</strong></span> <span class='ocrx_word' id='word_1_239' title='bbox 1060 3009 1225 3094; x_wconf 75' lang='grc' dir='ltr'><em>βοηθεῖν</em></span> <span class='ocrx_word' id='word_1_240' title='bbox 1248 3001 1436 3091; x_wconf 79' lang='grc' dir='ltr'><strong>ὁμολογεῖ</strong></span> <span class='ocrx_word' id='word_1_241' title='bbox 1459 3006 1521 3073; x_wconf 84' lang='grc' dir='ltr'><strong>καὶ</strong></span> 
     </span>
     <span class='ocr_line' id='line_1_26' title="bbox 220 3106 1523 3194; baseline 0.001 -18"><span class='ocrx_word' id='word_1_242' title='bbox 220 3106 458 3177; x_wconf 81' lang='grc' dir='ltr'><strong><em>ἐπιστέλλει.</em></strong></span> <span class='ocrx_word' id='word_1_243' title='bbox 502 3110 543 3175; x_wconf 94' lang='lat' dir='ltr'><strong>Id</strong></span> <span class='ocrx_word' id='word_1_244' title='bbox 571 3109 653 3194; x_wconf 92' lang='lat' dir='ltr'><strong>quod</strong></span> <span class='ocrx_word' id='word_1_245' title='bbox 683 3115 757 3175; x_wconf 90' lang='lat' dir='ltr'><strong>ante</strong></span> <span class='ocrx_word' id='word_1_246' title='bbox 786 3116 848 3175; x_wconf 88' lang='lat' dir='ltr'><strong>tres</strong></span> <span class='ocrx_word' id='word_1_247' title='bbox 877 3132 977 3176; x_wconf 89' lang='lat' dir='ltr'><strong>annos</strong></span> <span class='ocrx_word' id='word_1_248' title='bbox 1005 3109 1124 3176; x_wconf 82' lang='lat' dir='ltr'><strong>fecerat</strong></span> <span class='ocrx_word' id='word_1_249' title='bbox 1153 3116 1185 3176; x_wconf 91' lang='lat' dir='ltr'><strong>et</strong></span> <span class='ocrx_word' id='word_1_250' title='bbox 1211 3133 1245 3177; x_wconf 93' lang='lat' dir='ltr'><strong>se</strong></span> <span class='ocrx_word' id='word_1_251' title='bbox 1266 3110 1378 3177; x_wconf 83' lang='lat' dir='ltr'><strong>fecisse</strong></span> <span class='ocrx_word' id='word_1_252' title='bbox 1402 3132 1523 3177; x_wconf 90' lang='lat' dir='ltr'><strong>conces-</strong></span> 
     </span>
     <span class='ocr_line' id='line_1_27' title="bbox 220 3212 1523 3298; baseline 0 -19"><span class='ocrx_word' id='word_1_253' title='bbox 220 3220 311 3295; x_wconf 77' lang='lat' dir='ltr'><strong>serat,</strong></span> <span class='ocrx_word' id='word_1_254' title='bbox 340 3236 423 3279; x_wconf 90' lang='lat' dir='ltr'><strong>anno</strong></span> <span class='ocrx_word' id='word_1_255' title='bbox 446 3213 509 3278; x_wconf 88' lang='grc'><strong>339</strong></span> <span class='ocrx_word' id='word_1_256' title='bbox 531 3213 634 3278; x_wconf 92' lang='lat' dir='ltr'><strong>denuo</strong></span> <span class='ocrx_word' id='word_1_257' title='bbox 655 3213 742 3278; x_wconf 91' lang='lat' dir='ltr'><strong>nullo</strong></span> <span class='ocrx_word' id='word_1_258' title='bbox 764 3213 858 3279; x_wconf 89' lang='lat' dir='ltr'><strong>verbo</strong></span> <span class='ocrx_word' id='word_1_259' title='bbox 879 3212 1058 3298; x_wconf 86' lang='lat' dir='ltr'><strong>explicandi</strong></span> <span class='ocrx_word' id='word_1_260' title='bbox 1090 3236 1185 3279; x_wconf 90' lang='lat' dir='ltr'><strong>causa</strong></span> <span class='ocrx_word' id='word_1_261' title='bbox 1217 3214 1325 3280; x_wconf 89' lang='lat' dir='ltr'><strong>addito</strong></span> <span class='ocrx_word' id='word_1_262' title='bbox 1347 3212 1523 3281; x_wconf 87' lang='lat' dir='ltr'><strong>concessit?</strong></span> 
     </span>
     <span class='ocr_line' id='line_1_28' title="bbox 220 3316 367 3382; baseline -0.014 0"><span class='ocrx_word' id='word_1_263' title='bbox 220 3316 367 3382; x_wconf 85' lang='lat' dir='ltr'><strong>Minime!</strong></span> 
     </span>
    </p>

    <p class='ocr_par' dir='ltr' id='par_1_5' title="bbox 218 3414 1528 4127">
     <span class='ocr_line' id='line_1_29' title="bbox 306 3414 1523 3506; baseline 0.002 -21"><span class='ocrx_word' id='word_1_264' title='bbox 306 3419 448 3486; x_wconf 79' lang='lat' dir='ltr'><strong>Tertium</strong></span> <span class='ocrx_word' id='word_1_265' title='bbox 472 3426 691 3505; x_wconf 85' lang='lat' dir='ltr'><strong>argumentum</strong></span> <span class='ocrx_word' id='word_1_266' title='bbox 717 3418 865 3485; x_wconf 89' lang='lat' dir='ltr'><strong>addatur:</strong></span> <span class='ocrx_word' id='word_1_267' title='bbox 895 3415 915 3506; x_wconf 58' lang='grc' dir='ltr'><em>ᾖ</em></span> <span class='ocrx_word' id='word_1_268' title='bbox 939 3421 979 3485; x_wconf 89' lang='lat'><strong>18</strong></span> <span class='ocrx_word' id='word_1_269' title='bbox 987 3442 1053 3504; x_wconf 91' lang='lat' dir='ltr'><strong>sqq.</strong></span> <span class='ocrx_word' id='word_1_270' title='bbox 1078 3420 1154 3485; x_wconf 89' lang='lat' dir='ltr'><strong>dicit</strong></span> <span class='ocrx_word' id='word_1_271' title='bbox 1175 3442 1230 3487; x_wconf 88' lang='lat' dir='ltr'><strong>rex</strong></span> <span class='ocrx_word' id='word_1_272' title='bbox 1251 3442 1284 3487; x_wconf 90' lang='lat' dir='ltr'><strong>se</strong></span> <span class='ocrx_word' id='word_1_273' title='bbox 1306 3422 1428 3505; x_wconf 85' lang='lat' dir='ltr'><strong>legatos</strong></span> <span class='ocrx_word' id='word_1_274' title='bbox 1451 3414 1523 3487; x_wconf 79' lang='grc' dir='ltr'><strong>ἀπὸ</strong></span> 
     </span>
     <span class='ocr_line' id='line_1_30' title="bbox 219 3519 1525 3612; baseline 0.001 -24"><span class='ocrx_word' id='word_1_275' title='bbox 219 3527 276 3612; x_wconf 83' lang='grc' dir='ltr'><strong>τῆς</strong></span> <span class='ocrx_word' id='word_1_276' title='bbox 293 3519 477 3607; x_wconf 84' lang='grc' dir='ltr'><strong><em>συμμαχίας</em></strong></span> <span class='ocrx_word' id='word_1_277' title='bbox 490 3520 603 3611; x_wconf 82' lang='grc' dir='ltr'><strong><em>πάσης</em></strong></span> <span class='ocrx_word' id='word_1_278' title='bbox 624 3524 772 3590; x_wconf 91' lang='lat' dir='ltr'><strong>Athenas</strong></span> <span class='ocrx_word' id='word_1_279' title='bbox 796 3524 923 3607; x_wconf 90' lang='lat' dir='ltr'><strong>misisse,</strong></span> <span class='ocrx_word' id='word_1_280' title='bbox 945 3524 1143 3590; x_wconf 90' lang='lat' dir='ltr'><strong>condiciones</strong></span> <span class='ocrx_word' id='word_1_281' title='bbox 1157 3530 1272 3607; x_wconf 89' lang='lat' dir='ltr'><strong>autem,</strong></span> <span class='ocrx_word' id='word_1_282' title='bbox 1294 3547 1372 3609; x_wconf 87' lang='lat' dir='ltr'><strong>quas</strong></span> <span class='ocrx_word' id='word_1_283' title='bbox 1387 3524 1525 3605; x_wconf 88' lang='lat' dir='ltr'><strong>tulerint,</strong></span> 
     </span>
     <span class='ocr_line' id='line_1_31' title="bbox 220 3627 1525 3712; baseline 0.002 -20"><span class='ocrx_word' id='word_1_284' title='bbox 220 3627 260 3692; x_wconf 91' lang='lat' dir='ltr'><strong>ab</strong></span> <span class='ocrx_word' id='word_1_285' title='bbox 282 3628 530 3694; x_wconf 90' lang='lat' dir='ltr'><strong>Atheniensibus</strong></span> <span class='ocrx_word' id='word_1_286' title='bbox 552 3649 616 3693; x_wconf 93' lang='lat' dir='ltr'><strong>non</strong></span> <span class='ocrx_word' id='word_1_287' title='bbox 638 3634 784 3712; x_wconf 87' lang='lat' dir='ltr'><strong>acceptas</strong></span> <span class='ocrx_word' id='word_1_288' title='bbox 806 3649 882 3694; x_wconf 91' lang='lat' dir='ltr'><strong>esse.</strong></span> <span class='ocrx_word' id='word_1_289' title='bbox 923 3628 1059 3694; x_wconf 92' lang='lat' dir='ltr'><strong>Weilius</strong></span> <span class='ocrx_word' id='word_1_290' title='bbox 1088 3629 1132 3711; x_wconf 87' lang='lat' dir='ltr'><strong>(in</strong></span> <span class='ocrx_word' id='word_1_291' title='bbox 1155 3628 1297 3694; x_wconf 88' lang='lat' dir='ltr'><strong>adnotat.</strong></span> <span class='ocrx_word' id='word_1_292' title='bbox 1320 3629 1361 3694; x_wconf 92' lang='lat' dir='ltr'><strong>ad</strong></span> <span class='ocrx_word' id='word_1_293' title='bbox 1384 3627 1463 3693; x_wconf 89' lang='lat' dir='ltr'><strong>XII</strong></span> <span class='ocrx_word' id='word_1_294' title='bbox 1486 3628 1525 3695; x_wconf 90' lang='lat'><strong>18</strong></span> 
     </span>
     <span class='ocr_line' id='line_1_32' title="bbox 219 3731 1527 3817; baseline 0.001 -22"><span class='ocrx_word' id='word_1_295' title='bbox 219 3732 366 3816; x_wconf 89' lang='lat' dir='ltr'><strong>ascripta)</strong></span> <span class='ocrx_word' id='word_1_296' title='bbox 396 3753 452 3797; x_wconf 91' lang='lat' dir='ltr'><strong>sue</strong></span> <span class='ocrx_word' id='word_1_297' title='bbox 485 3731 552 3797; x_wconf 91' lang='lat' dir='ltr'><strong>iure</strong></span> <span class='ocrx_word' id='word_1_298' title='bbox 585 3737 692 3797; x_wconf 87' lang='lat' dir='ltr'><strong>censet</strong></span> <span class='ocrx_word' id='word_1_299' title='bbox 722 3732 774 3816; x_wconf 84' lang='lat' dir='ltr'><strong>agi</strong></span> <span class='ocrx_word' id='word_1_300' title='bbox 807 3732 846 3797; x_wconf 90' lang='lat' dir='ltr'><strong>de</strong></span> <span class='ocrx_word' id='word_1_301' title='bbox 878 3732 991 3816; x_wconf 87' lang='lat' dir='ltr'><strong>legatis</strong></span> <span class='ocrx_word' id='word_1_302' title='bbox 1021 3731 1209 3817; x_wconf 89' lang='lat' dir='ltr'><strong>aPhilippo</strong></span> <span class='ocrx_word' id='word_1_303' title='bbox 1237 3738 1270 3797; x_wconf 91' lang='lat' dir='ltr'><strong>et</strong></span> <span class='ocrx_word' id='word_1_304' title='bbox 1291 3732 1527 3817; x_wconf 90' lang='lat' dir='ltr'><strong>Peloponnesiis</strong></span> 
     </span>
     <span class='ocr_line' id='line_1_33' title="bbox 219 3834 1528 3920; baseline 0.002 -23"><span class='ocrx_word' id='word_1_305' title='bbox 219 3834 327 3916; x_wconf 89' lang='lat' dir='ltr'><strong>missis,</strong></span> <span class='ocrx_word' id='word_1_306' title='bbox 349 3840 457 3901; x_wconf 89' lang='lat' dir='ltr'><strong>contre</strong></span> <span class='ocrx_word' id='word_1_307' title='bbox 478 3856 556 3919; x_wconf 92' lang='lat' dir='ltr'><strong>quos</strong></span> <span class='ocrx_word' id='word_1_308' title='bbox 578 3840 611 3900; x_wconf 90' lang='lat' dir='ltr'><strong>et</strong></span> <span class='ocrx_word' id='word_1_309' title='bbox 631 3835 848 3920; x_wconf 85' lang='lat' dir='ltr'><strong>Hegesippum</strong></span> <span class='ocrx_word' id='word_1_310' title='bbox 870 3840 903 3901; x_wconf 90' lang='lat' dir='ltr'><strong>et</strong></span> <span class='ocrx_word' id='word_1_311' title='bbox 917 3834 1166 3901; x_wconf 89' lang='lat' dir='ltr'><strong>Demosthenem</strong></span> <span class='ocrx_word' id='word_1_312' title='bbox 1188 3836 1345 3902; x_wconf 90' lang='lat' dir='ltr'><strong>orationes</strong></span> <span class='ocrx_word' id='word_1_313' title='bbox 1367 3836 1528 3919; x_wconf 88' lang='lat' dir='ltr'><strong>scripsisse</strong></span> 
     </span>
     <span class='ocr_line' id='line_1_34' title="bbox 218 3937 1528 4024; baseline 0.003 -23"><span class='ocrx_word' id='word_1_314' title='bbox 218 3937 361 4005; x_wconf 88' lang='lat' dir='ltr'><strong>vidimus.</strong></span> <span class='ocrx_word' id='word_1_315' title='bbox 406 3937 521 4005; x_wconf 90' lang='lat' dir='ltr'><strong>Nonne</strong></span> <span class='ocrx_word' id='word_1_316' title='bbox 552 3939 665 4004; x_wconf 80' lang='lat' dir='ltr'><strong>mhum</strong></span> <span class='ocrx_word' id='word_1_317' title='bbox 695 3946 755 4020; x_wconf 89' lang='lat' dir='ltr'><strong>est,</strong></span> <span class='ocrx_word' id='word_1_318' title='bbox 789 3939 872 4023; x_wconf 93' lang='lat' dir='ltr'><strong>quod</strong></span> <span class='ocrx_word' id='word_1_319' title='bbox 901 3938 1068 4024; x_wconf 88' lang='lat' dir='ltr'><strong>Philippus</strong></span> <span class='ocrx_word' id='word_1_320' title='bbox 1097 3940 1136 4005; x_wconf 91' lang='lat' dir='ltr'><strong>de</strong></span> <span class='ocrx_word' id='word_1_321' title='bbox 1164 3960 1202 4005; x_wconf 91' lang='lat' dir='ltr'><strong>ea</strong></span> <span class='ocrx_word' id='word_1_322' title='bbox 1230 3961 1265 4005; x_wconf 88' lang='lat' dir='ltr'><strong>re</strong></span> <span class='ocrx_word' id='word_1_323' title='bbox 1295 3960 1379 4004; x_wconf 89' lang='lat' dir='ltr'><strong>anno</strong></span> <span class='ocrx_word' id='word_1_324' title='bbox 1408 3938 1528 4021; x_wconf 61' lang='grc'><strong>340139</strong></span> 
     </span>
     <span class='ocr_line' id='line_1_35' title="bbox 219 4041 1084 4127; baseline 0 -20"><span class='ocrx_word' id='word_1_325' title='bbox 219 4042 426 4125; x_wconf 88' lang='lat' dir='ltr'><strong>conqueritur,</strong></span> <span class='ocrx_word' id='word_1_326' title='bbox 447 4042 487 4107; x_wconf 95' lang='lat' dir='ltr'><strong>de</strong></span> <span class='ocrx_word' id='word_1_327' title='bbox 510 4064 573 4126; x_wconf 87' lang='lat' dir='ltr'><strong>qua</strong></span> <span class='ocrx_word' id='word_1_328' title='bbox 595 4065 679 4109; x_wconf 91' lang='lat' dir='ltr'><strong>anno</strong></span> <span class='ocrx_word' id='word_1_329' title='bbox 700 4043 763 4109; x_wconf 83' lang='lat'><strong>342</strong></span> <span class='ocrx_word' id='word_1_330' title='bbox 786 4043 874 4127; x_wconf 89' lang='lat' dir='ltr'><strong>queri</strong></span> <span class='ocrx_word' id='word_1_331' title='bbox 896 4044 926 4108; x_wconf 94' lang='lat' dir='ltr'><strong>ei</strong></span> <span class='ocrx_word' id='word_1_332' title='bbox 947 4041 1084 4109; x_wconf 80' lang='lat' dir='ltr'><strong>licebat?</strong></span> 
     </span>
    </p>

    <p class='ocr_par' dir='ltr' id='par_1_6' title="bbox 218 4144 1533 4539">
     <span class='ocr_line' id='line_1_36' title="bbox 303 4144 1530 4232; baseline 0 -20"><span class='ocrx_word' id='word_1_333' title='bbox 303 4144 426 4231; x_wconf 81' lang='lat' dir='ltr'><strong>Quibus</strong></span> <span class='ocrx_word' id='word_1_334' title='bbox 447 4167 486 4211; x_wconf 85' lang='lat' dir='ltr'><strong>ex</strong></span> <span class='ocrx_word' id='word_1_335' title='bbox 508 4145 743 4213; x_wconf 88' lang='lat' dir='ltr'><strong>difficultatibus</strong></span> <span class='ocrx_word' id='word_1_336' title='bbox 765 4148 909 4231; x_wconf 91' lang='lat' dir='ltr'><strong>equidem</strong></span> <span class='ocrx_word' id='word_1_337' title='bbox 933 4168 1091 4232; x_wconf 85' lang='lat' dir='ltr'><strong>emergere</strong></span> <span class='ocrx_word' id='word_1_338' title='bbox 1119 4168 1182 4213; x_wconf 91' lang='lat' dir='ltr'><strong>non</strong></span> <span class='ocrx_word' id='word_1_339' title='bbox 1211 4168 1338 4231; x_wconf 92' lang='lat' dir='ltr'><strong>possum</strong></span> <span class='ocrx_word' id='word_1_340' title='bbox 1360 4146 1421 4212; x_wconf 89' lang='lat' dir='ltr'><strong>nisi</strong></span> <span class='ocrx_word' id='word_1_341' title='bbox 1442 4168 1530 4231; x_wconf 89' lang='lat' dir='ltr'><strong>pono</strong></span> 
     </span>
     <span class='ocr_line' id='line_1_37' title="bbox 218 4249 1531 4335; baseline 0.002 -21"><span class='ocrx_word' id='word_1_342' title='bbox 218 4251 373 4315; x_wconf 89' lang='lat' dir='ltr'><strong>orationes</strong></span> <span class='ocrx_word' id='word_1_343' title='bbox 388 4249 477 4317; x_wconf 92' lang='lat' dir='ltr'><strong>VIII</strong></span> <span class='ocrx_word' id='word_1_344' title='bbox 500 4255 531 4314; x_wconf 87' lang='lat' dir='ltr'><strong>et</strong></span> <span class='ocrx_word' id='word_1_345' title='bbox 552 4249 618 4332; x_wconf 91' lang='lat' dir='ltr'><strong>IX,</strong></span> <span class='ocrx_word' id='word_1_346' title='bbox 639 4256 804 4334; x_wconf 88' lang='lat' dir='ltr'><strong>postquam</strong></span> <span class='ocrx_word' id='word_1_347' title='bbox 827 4251 962 4335; x_wconf 87' lang='lat' dir='ltr'><strong>epistula</strong></span> <span class='ocrx_word' id='word_1_348' title='bbox 989 4250 1022 4315; x_wconf 95' lang='lat' dir='ltr'><strong>in</strong></span> <span class='ocrx_word' id='word_1_349' title='bbox 1045 4271 1172 4335; x_wconf 87' lang='lat' dir='ltr'><strong>corpore</strong></span> <span class='ocrx_word' id='word_1_350' title='bbox 1194 4249 1441 4315; x_wconf 88' lang='lat' dir='ltr'><strong>Demosthenico</strong></span> <span class='ocrx_word' id='word_1_351' title='bbox 1464 4271 1531 4316; x_wconf 88' lang='lat' dir='ltr'><strong>ser-</strong></span> 
     </span>
     <span class='ocr_line' id='line_1_38' title="bbox 218 4352 1533 4439; baseline 0.002 -22"><span class='ocrx_word' id='word_1_352' title='bbox 218 4360 290 4419; x_wconf 85' lang='lat' dir='ltr'><strong>vata</strong></span> <span class='ocrx_word' id='word_1_353' title='bbox 312 4354 459 4419; x_wconf 89' lang='lat' dir='ltr'><strong>Athenas</strong></span> <span class='ocrx_word' id='word_1_354' title='bbox 487 4354 582 4420; x_wconf 89' lang='lat' dir='ltr'><strong>missa</strong></span> <span class='ocrx_word' id='word_1_355' title='bbox 615 4359 675 4435; x_wconf 92' lang='lat' dir='ltr'><strong>est,</strong></span> <span class='ocrx_word' id='word_1_356' title='bbox 708 4354 965 4420; x_wconf 89' lang='lat' dir='ltr'><strong>aDemosthene</strong></span> <span class='ocrx_word' id='word_1_357' title='bbox 997 4354 1128 4437; x_wconf 87' lang='lat' dir='ltr'><strong>scriptas</strong></span> <span class='ocrx_word' id='word_1_358' title='bbox 1161 4374 1236 4419; x_wconf 90' lang='lat' dir='ltr'><strong>esse.</strong></span> <span class='ocrx_word' id='word_1_359' title='bbox 1282 4352 1421 4419; x_wconf 79' lang='lat' dir='ltr'><strong>litteras</strong></span> <span class='ocrx_word' id='word_1_360' title='bbox 1443 4375 1533 4439; x_wconf 86' lang='lat' dir='ltr'><strong>ergo,</strong></span> 
     </span>
     <span class='ocr_line' id='line_1_39' title="bbox 218 4455 1314 4539; baseline -0.001 -19"><span class='ocrx_word' id='word_1_361' title='bbox 218 4478 350 4539; x_wconf 89' lang='lat' dir='ltr'><strong>quarum</strong></span> <span class='ocrx_word' id='word_1_362' title='bbox 372 4459 405 4521; x_wconf 92' lang='lat' dir='ltr'><strong>in</strong></span> <span class='ocrx_word' id='word_1_363' title='bbox 428 4455 621 4523; x_wconf 88' lang='lat' dir='ltr'><strong>orationibus</strong></span> <span class='ocrx_word' id='word_1_364' title='bbox 642 4457 704 4522; x_wconf 89' lang='lat' dir='ltr'><strong>illis</strong></span> <span class='ocrx_word' id='word_1_365' title='bbox 728 4458 844 4522; x_wconf 88' lang='lat' dir='ltr'><strong>mentio</strong></span> <span class='ocrx_word' id='word_1_366' title='bbox 865 4457 909 4539; x_wconf 85' lang='lat' dir='ltr'><strong>fit,</strong></span> <span class='ocrx_word' id='word_1_367' title='bbox 931 4458 964 4522; x_wconf 91' lang='lat' dir='ltr'><strong>in</strong></span> <span class='ocrx_word' id='word_1_368' title='bbox 986 4457 1131 4523; x_wconf 90' lang='lat' dir='ltr'><strong>manibus</strong></span> <span class='ocrx_word' id='word_1_369' title='bbox 1153 4456 1314 4521; x_wconf 89' lang='lat' dir='ltr'><strong>habemus.</strong></span> 
     </span>
    </p>

    <p class='ocr_par' dir='ltr' id='par_1_7' title="bbox 304 4556 1533 4645">
     <span class='ocr_line' id='line_1_40' title="bbox 304 4556 1533 4645; baseline 0 -20"><span class='ocrx_word' id='word_1_370' title='bbox 304 4560 388 4645; x_wconf 81' lang='lat' dir='ltr'><strong>Quid</strong></span> <span class='ocrx_word' id='word_1_371' title='bbox 413 4561 496 4625; x_wconf 91' lang='lat' dir='ltr'><strong>enim</strong></span> <span class='ocrx_word' id='word_1_372' title='bbox 519 4561 711 4626; x_wconf 87' lang='lat' dir='ltr'><strong>exoratione</strong></span> <span class='ocrx_word' id='word_1_373' title='bbox 728 4559 817 4628; x_wconf 94' lang='lat' dir='ltr'><strong>VIII</strong></span> <span class='ocrx_word' id='word_1_374' title='bbox 839 4556 1010 4627; x_wconf 80' lang='lat' dir='ltr'><strong>discimus?</strong></span> <span class='ocrx_word' id='word_1_375' title='bbox 1055 4560 1135 4627; x_wconf 87' lang='lat' dir='ltr'><strong>Onm</strong></span> <span class='ocrx_word' id='word_1_376' title='bbox 1152 4559 1383 4625; x_wconf 91' lang='lat' dir='ltr'><strong>Demosthenes</strong></span> <span class='ocrx_word' id='word_1_377' title='bbox 1411 4559 1533 4625; x_wconf 88' lang='lat' dir='ltr'><strong>oratio·</strong></span> 
     </span>
    </p>
   </div>
   <div class='ocr_carea' id='block_1_3' title="bbox 218 4717 1534 4967">
    <p class='ocr_par' dir='ltr' id='par_1_8' title="bbox 218 4717 1534 4967">
     <span class='ocr_line' id='line_1_41' title="bbox 384 4718 395 4750; baseline 0 0"><span class='ocrx_word' id='word_1_378' title='bbox 384 4718 395 4750; x_wconf 81' lang='lat' dir='ltr'><strong>r</strong></span> 
     </span>
     <span class='ocr_line' id='line_1_42' title="bbox 304 4717 1534 4877; baseline -0.003 -18"><span class='ocrx_word' id='word_1_379' title='bbox 304 4717 331 4876; x_wconf 59' lang='lat' dir='ltr'><strong>Il</strong></span> <span class='ocrx_word' id='word_1_380' title='bbox 350 4718 385 4861; x_wconf 63' lang='lat' dir='ltr'><strong>II</strong></span> <span class='ocrx_word' id='word_1_381' title='bbox 405 4717 568 4877; x_wconf 40' lang='lat' dir='ltr'><strong>{Igaedicit</strong></span> <span class='ocrx_word' id='word_1_382' title='bbox 586 4822 635 4859; x_wconf 86' lang='lat' dir='ltr'><strong>rex</strong></span> <span class='ocrx_word' id='word_1_383' title='bbox 654 4807 670 4875; x_wconf 64' lang='grc' dir='ltr'><strong>ξ</strong></span> <span class='ocrx_word' id='word_1_384' title='bbox 690 4805 737 4859; x_wconf 79' lang='lat'><strong>15:</strong></span> <span class='ocrx_word' id='word_1_385' title='bbox 762 4807 847 4857; x_wconf 78' lang='grc' dir='ltr'><strong><em>ταῦτα</em></strong></span> <span class='ocrx_word' id='word_1_386' title='bbox 865 4803 892 4857; x_wconf 85' lang='lat' dir='ltr'><strong>d&#39;</strong></span> <span class='ocrx_word' id='word_1_387' title='bbox 918 4805 989 4876; x_wconf 74' lang='grc' dir='ltr'><strong><em>ἐμοῦ</em></strong></span> <span class='ocrx_word' id='word_1_388' title='bbox 1013 4800 1144 4864; x_wconf 74' lang='grc' dir='ltr'><strong>πολλάκις</strong></span> <span class='ocrx_word' id='word_1_389' title='bbox 1162 4801 1302 4865; x_wconf 74' lang='grc' dir='ltr'><strong><em>ἀξιοῦντος</em></strong></span> <span class='ocrx_word' id='word_1_390' title='bbox 1326 4800 1403 4874; x_wconf 82' lang='grc' dir='ltr'><em>ὑμεῖς</em></span> <span class='ocrx_word' id='word_1_391' title='bbox 1420 4803 1479 4875; x_wconf 74' lang='grc' dir='ltr'><strong>μὲν</strong></span> <span class='ocrx_word' id='word_1_392' title='bbox 1498 4800 1534 4855; x_wconf 84' lang='grc' dir='ltr'><strong>οὐ</strong></span> 
     </span>
     <span class='ocr_line' id='line_1_43' title="bbox 218 4893 733 4967; baseline 0.014 -23"><span class='ocrx_word' id='word_1_393' title='bbox 218 4899 376 4965; x_wconf 75' lang='grc' dir='ltr'><strong>προσείχετε</strong></span> <span class='ocrx_word' id='word_1_394' title='bbox 396 4897 431 4951; x_wconf 85' lang='lat' dir='ltr'><strong>cf.</strong></span> <span class='ocrx_word' id='word_1_395' title='bbox 450 4894 497 4948; x_wconf 91' lang='lat' dir='ltr'><strong>fin.</strong></span> <span class='ocrx_word' id='word_1_396' title='bbox 518 4897 534 4964; x_wconf 65' lang='grc' dir='ltr'><strong>ξ</strong></span> <span class='ocrx_word' id='word_1_397' title='bbox 553 4894 588 4948; x_wconf 89' lang='grc'><strong>16</strong></span> <span class='ocrx_word' id='word_1_398' title='bbox 608 4897 637 4950; x_wconf 91' lang='lat' dir='ltr'><strong>et</strong></span> <span class='ocrx_word' id='word_1_399' title='bbox 655 4894 670 4967; x_wconf 65' lang='grc'>6</span> <span class='ocrx_word' id='word_1_400' title='bbox 690 4893 733 4951; x_wconf 83' lang='grc'><strong>18,</strong></span> 
     </span>
    </p>
   </div>
   <div class='ocr_carea' id='block_1_4' title="bbox 116 5171 246 5223">
    <p class='ocr_par' dir='ltr' id='par_1_9' title="bbox 116 5171 246 5223">
     <span class='ocr_line' id='line_1_44' title="bbox 116 5171 246 5223; baseline 0 0"><span class='ocrx_word' id='word_1_401' title='bbox 116 5171 246 5223; x_wconf 62' lang='grc' dir='ltr'><strong>Α</strong></span> 
     </span>
    </p>
   </div>
   <div class='ocr_carea' id='block_1_5' title="bbox 0 0 1840 5709">
    <p class='ocr_par' dir='ltr' id='par_1_10' title="bbox 0 0 1840 5709">
     <span class='ocr_line' id='line_1_45' title="bbox 0 0 1840 5709; baseline 0 0"><span class='ocrx_word' id='word_1_402' title='bbox 0 0 1840 5709; x_wconf 95' lang='lat' dir='ltr'><strong> </strong></span> 
     </span>
    </p>
   </div>
  </div>
 </body>
</html>
