3650 5709
809 443 1022 514 ..11..

257 629 335 716 χίας
355 625 433 723 ἡμῖν
454 622 474 701 ί
476 630 661 725 παρχούσης
676 628 931 723 ἂλλοτριᾶτερον
945 631 1057 721 ἔχομεν
1079 631 1166 724 πρὸς
1186 626 1257 725 ἡμῐ
1257 660 1274 715 ς
1298 631 1417 717 αίτοίις
1437 628 1459 721 ἲ
1481 633 1568 727 πρὸς

259 727 317 817 οίς
345 734 494 827 ἓνοίτεροι
515 739 734 823 πολεμοῦντες
764 735 969 864 τυγχάνομεν.
1004 744 1137 828 σημεῖον
1168 730 1199 805 δ’
1229 735 1267 806 ου’
1289 734 1428 829 μικρόν·
1458 747 1566 831 κοινῆι

259 840 319 925 μὲν
345 839 405 930 γὰρ
429 836 506 908 οίδί
528 840 607 925 περί
630 838 701 920 ἑνὸς
739 839 936 967 πράγματος
965 837 1200 927 βουλευόμεθα,
1229 842 1328 930 χωρὶς
1360 839 1433 909 δ’
1419 843 1566 933 εκοίεεροι

260 943 417 1031 πρέσβεις
440 943 620 1030 πέμπομεν
649 943 737 1032 πρὸς
759 944 882 1013 ἐκεῖνον
908 950 962 1031 (sc.
983 944 1134 1031 βασιίία)
1168 939 1408 1028 ἐλπίζοντες,
1392 950 1568 1035 οποτέροις

259 1040 300 1114 ab
333 1044 530 1135 οἰκειότερον
562 1050 736 1130 διατίθει,
784 1046 913 1134 κυρίους
944 1046 1079 1129 τούτους
1120 1046 1316 1138 γενήσεσθαι
1347 1052 1405 1138 τῆς
1436 1048 1469 1115 ἐν
1496 1056 1567 1131 τοῖς

252 1144 386 1239 Ἕλλησι
411 1149 608 1234 πλεονεξίας.
653 1153 867 1220 Demothenes
889 1176 964 1238 ergo
986 1176 1042 1219 suo
1064 1156 1130 1220 iure
1152 1154 1254 1220 dicere
1276 1156 1396 1238 potuit:
1419 1151 1567 1241 γεγόνασι

259 1245 341 1322 καθ
363 1247 481 1334 αὐτους
495 1247 804 1340 Αακεδαιμόνιοι”
785 1259 885 1345 ημεῖς.
929 1256 1169 1323 Lacedaemonii
1182 1256 1459 1323 Atheniensibus'
1451 1260 1568 1325 mimici

259 1366 358 1441 erant,
390 1362 524 1444 primum
551 1360 634 1444 quod
656 1360 695 1425 de
717 1362 895 1444 principatu
917 1382 988 1427 cum
1008 1362 1046 1425 iis
1067 1360 1305 1442 contendebant,
1340 1367 1377 1426 ut
1406 1383 1445 1426 ex
1465 1363 1567 1429 verbis

260 1464 409 1529 Isocratis
431 1470 464 1530 et
484 1485 523 1529 ex
545 1463 758 1529 Demosthene
780 1470 912 1548 apparet
933 1463 982 1548 (X
1004 1467 1045 1528 52
1078 1465 1138 1528 τοῦ
1161 1459 1339 1550 πρωτεύειν
1360 1456 1568 1532 ἀντιποιοῦν-

259 1591 316 1633 ται
333 1562 401 1633 κτὲ.
422 1570 441 1651 §
461 1569 480 1632 6
504 1561 535 1633 οἳ
556 1564 616 1650 μὲν
637 1560 721 1653 ὑπὲρ
743 1568 803 1656 τῆς
824 1560 998 1654 ἡγεμονίας
1018 1562 1260 1652 ἀντιλέγουσιν),
1282 1573 1350 1632 tum
1371 1568 1455 1651 quod
1475 1567 1569 1634 Pelo·

259 1672 410 1754 ponnesii,
440 1672 493 1754 qui
522 1676 631 1735 contra
652 1668 917 1736 Lacedaemonios
950 1670 1067 1736 bellum
1097 1669 1256 1754 gerebant,
1284 1671 1385 1753 magis
1406 1674 1567 1757 magisque

259 1773 300 1839 ad
322 1773 565 1840 Atheniensium
587 1774 757 1840 amicitiam
779 1794 847 1839 sese
877 1774 1086 1858 applicabant,
1115 1775 1161 1839 ita
1191 1779 1228 1838 ut
1249 1793 1332 1838 anno
1354 1775 1416 1839 342
1439 1773 1568 1841 foedera

260 1879 383 1944 inlrent„

346 1978 458 2047 Oratio
480 2000 555 2064 ergo
576 1987 647 2065 post
669 1980 835 2065 epistulam
858 2002 878 2047 a
900 1981 1049 2066 Philippo
1070 1982 1212 2063 missam,
1245 1986 1355 2046 contra
1382 2001 1478 2064 quam
1500 1980 1567 2047 De·

259 2084 439 2151 mosthenes
461 2084 634 2150 orationem
658 2084 748 2152 VIII
769 2085 882 2151 habuit
902 2085 955 2168 (ct.
976 2084 1083 2168 infra),
1110 2090 1143 2151 et
1163 2089 1237 2150 ante
1258 2084 1429 2150 secundam
1452 2085 1567 2150 mensis

259 2186 331 2253 Mai
353 2193 475 2272 partem
498 2186 547 2272 (cf.
571 2210 601 2272 p.
624 2188 656 2271 6)
678 2188 794 2272 scripta
815 2195 872 2255 est.

348 2291 429 2377 Quis
450 2291 560 2357 credat
579 2290 744 2357 falsarium
765 2292 924 2376 quendam
957 2291 1051 2358 fuisse
1080 2291 1161 2357 tanti
1186 2291 1306 2375 ingenii
1332 2297 1427 2374 atque
1457 2295 1566 2357 tantae

260 2394 432 2478 doctrinae,
453 2400 490 2461 ut
510 2395 684 2461 orationem
707 2394 987 2461 Demosthenicum
1009 2392 1202 2478 confingeret
1220 2394 1274 2475 ita,
1296 2398 1333 2459 ut
1353 2398 1438 2459 certo
1459 2415 1566 2460 mense

260 2501 338 2565 certi
357 2499 433 2565 anni
456 2538 496 2547 -
519 2520 583 2565 uno
599 2499 682 2565 enim
704 2520 811 2565 mense
824 2504 897 2584 post
909 2498 959 2565 vel
974 2503 1048 2563 ante
1064 2498 1165 2563 oratio
1179 2496 1221 2562 ad
1235 2518 1285 2563 res
1299 2496 1361 2563 illis
1374 2496 1567 2581 temporibus

260 2607 366 2686 gestas
388 2622 452 2668 non
474 2601 644 2687 quadraret
666 2602 839 2668 —habita
861 2623 929 2668 esse
951 2602 1106 2682 videatur;
1140 2606 1176 2665 ut
1201 2599 1282 2666 tales
1303 2599 1452 2666 obscuras
1472 2600 1567 2684 signi·

259 2706 422 2771 ficationes
443 2707 577 2771 orationi
597 2706 727 2771 iniceret
749 2705 873 2789 qualem
895 2707 991 2788 §6¹);
1013 2711 1058 2787 ut,
1079 2726 1271 2789 quamquam
1293 2704 1326 2769 in
1344 2709 1413 2771 tota
1427 2705 1567 2770 oratione

261 2808 300 2873 X
321 2808 483 2893 Diopithis
504 2829 568 2874 non
590 2809 708 2875 mentio
729 2808 778 2891 fit,
805 2814 913 2874 tamen
934 2830 984 2875 res
1004 2808 1067 2874 illis
1087 2807 1281 2893 temporibus
1302 2806 1440 2873 Athenis
1462 2814 1568 2891 gestas

260 2912 307 2978 ita
328 2912 536 2997 perspexisset
558 2917 591 2978 et
611 2917 684 2978 ante
707 2912 812 2979 oculos
833 2912 978 2995 haberet,
1008 2917 1044 2978 ut
1065 2911 1279 2978 Athenienses
1304 2933 1376 2977 vere
1398 2911 1474 2977 anni
1495 2910 1568 2993 342,

261 3038 302 3081 an
323 3016 509 3100 Diopithem
530 3021 713 3082 revocarant
733 3037 846 3098 neone,
872 3017 957 3082 inter
982 3037 1017 3082 se
1038 3015 1205 3081 certavisse
1226 3015 1320 3081 sciret
1347 3036 1480 3101 eamque
1501 3036 1569 3080 rem

262 3120 369 3203 §20²)
390 3118 593 3204 significaret3
617 3126 661 3202 ut,
682 3120 839 3206 quomodo
854 3119 1099 3186 Lacedaemonii
1119 3118 1182 3184 illis
1203 3118 1396 3203 temporibus
1416 3119 1449 3183 in
1467 3117 1570 3184 Athe·

262 3223 385 3289 nienses
414 3244 481 3289 sese
508 3223 675 3304 haberent,
705 3228 771 3289 tam
802 3223 1004 3308 perspiceret,
1033 3228 1070 3288 ut
1101 3243 1154 3288 eos
1185 3223 1269 3287 inter
1298 3221 1441 3287 inimicos
1473 3215 1569 3306 (ἄντι-
1628 3243 1632 3249 ·

262 3326 453 3410 ποιοῦντας)
477 3328 721 3410 enumeramt³);
743 3332 780 3393 ut
792 3326 947 3393 Hermiae
969 3326 1031 3393 alio
1053 3326 1147 3393 modo
1170 3331 1354 3391 eventurum
1377 3346 1454 3407 esse,
1474 3330 1569 3408 atque

262 3435 408 3495 eventum
431 3436 513 3512 erat,
546 3435 677 3516 poneret
698 3430 817 3497 scilicet
844 3430 970 3497 lectoris
998 3429 1175 3514 decipiendi
1204 3429 1319 3514 gratia,
1351 3434 1387 3494 ut
1407 3429 1454 3511 id,
1486 3427 1571 3512 quod

262 3532 429 3617 significat,
450 3534 502 3598 vix
523 3534 664 3618 intellegi
678 3530 837 3618 posset⁴)?
880 3533 1053 3616 Mehercle,
1074 3532 1170 3599 talem
1187 3531 1347 3598 falsarium
1369 3531 1447 3597 mihi
1468 3536 1570 3597 osten-

262 3636 320 3702 das
352 3636 459 3702 velim!
527 3635 741 3721 Quamobrem
777 3637 855 3701 mihi
892 3637 1019 3721 quidem
1055 3658 1118 3702 non
1149 3635 1308 3719 agendum
1340 3656 1408 3701 esse
1440 3634 1571 3717 videtin,

263 3746 368 3806 utrum
390 3740 491 3806 oratio
512 3739 552 3804 X
573 3740 710 3823 genuina
731 3741 772 3805 sit
793 3761 905 3822 necne,
930 3740 986 3806 sed
1012 3740 1170 3825 quomodo
1191 3739 1238 3821 id,
1260 3738 1345 3823 quod
1366 3738 1569 3804 offensionem

262 3843 367 3925 habet,
390 3842 610 3927 explicandum
631 3843 679 3908 sit
723 3843 779 3908 An
800 3844 908 3909 omnia
931 3843 1081 3927 explicari
1102 3842 1230 3927 possint,
1254 3842 1321 3927 ipse
1343 3841 1461 3908 dubito.
1504 3840 1570 3907 Ne·

262 3968 324 4031 que
346 3947 430 4012 enim
459 3967 510 4012 res
537 3945 600 4011 illis
629 3945 821 4030 temporibus
850 3953 955 4031 gestas
983 3946 1060 4013 satis
1081 3945 1299 4030 cognovimus,
1330 3944 1432 4011 multa
1453 3949 1571 4026 autem,

351 4206 378 4275 1)
397 4201 466 4259 ὥστε
482 4209 537 4259 τῶν
555 4206 586 4260 ἐν
603 4204 687 4258 αι’πῶι
704 4208 753 4258 τῶι
772 4201 939 4260 κινδυνεύειν
957 4202 1044 4260 ὄντων
1068 4208 1096 4259 ot
1112 4207 1166 4278 μὲν
1185 4203 1255 4280 ὑπὲρ
1272 4210 1321 4274 τῆς
1337 4202 1486 4278 ίγεμονίας
1502 4202 1570 4278 ἡμῖν

263 4294 444 4367 ἀντιλέγουσι,
472 4296 499 4347 ol
525 4292 552 4346 δ’
578 4290 648 4365 ὑπὲρ
671 4298 722 4348 τοῦ
747 4298 805 4347 ποῦ
822 4292 1041 4367 συνεδρεύσουσι,
1067 4296 1139 4356 τινὲς
1163 4294 1194 4351 δὲ
1214 4294 1279 4350 καθ’
1298 4292 1397 4356 adroic
1413 4291 1570 4366 ἀμύνεσθαι

262 4385 368 4455 μᾶλλον
385 4379 402 4450 ἢ
421 4382 488 4455 μεθ’
506 4379 585 4455 ἡμῶν
604 4380 748 4455 ἐγνώκασι.

351 4472 379 4541 2)
397 4468 463 4525 droa
479 4468 657 4544 παραδώσετε
674 4470 708 4524 τὰ
727 4469 886 4544 πράγματα,
905 4471 1104 4544 δυσχεραίνετε.
1234 4472 1262 4542 3)
1281 4475 1297 4541 ἦ
1316 4471 1360 4528 52.

351 4559 379 4629 4)
399 4562 415 4631 ξ
433 4561 469 4617 32
494 4562 576 4632 ponit
596 4564 691 4616 orator
710 4577 803 4629 regem
823 4560 973 4616 Persarum
993 4562 1158 4617 effecturum
1177 4579 1248 4629 esse,
1272 4564 1306 4615 ut
1324 4560 1478 4627 Hermiam,
1503 4558 1570 4613 Phi·

263 4650 337 4721 lippi
363 4650 477 4719 socIum,
505 4650 541 4705 ad
570 4650 689 4705 consilia
718 4650 875 4715 communia
903 4650 1056 4721 aperienda
1075 4652 1254 4718 commoveat,
1282 4666 1354 4721 quae
1382 4653 1477 4704 tamon
1504 4664 1569 4719 spes

264 4754 327 4793 cum
346 4738 459 4794 fefellit.
486 4739 520 4795 ol.
540 4738 605 4795 Did.
620 4738 671 4795 col,
690 4738 715 4806 ὅ,
735 4738 769 4793 66
788 4740 819 4793 et
837 4738 862 4806 6,
881 4737 925 4793 55.
954 4738 996 4794 Ι)ε
1015 4742 1078 4794 tota
1097 4756 1127 4795 ro
1146 4738 1251 4794 Kosrte
1269 4738 1288 4793 l.
1307 4754 1331 4792 c.
1350 4755 1377 4808 p.
1390 4736 1443 4793 393
1463 4736 1569 4808 optime

264 4826 412 4883 disseruit.
