3650 5709
819 218 1032 285 ..39-

253 422 300 473 ne
335 402 481 489 Philippi
515 408 617 474 verbis
648 408 778 472 nimiam
811 406 908 473 fidem
941 406 1124 473 tribuamus.
1184 408 1268 475 Tum
1306 415 1412 475 autem
1444 408 1580 475 vidimus

252 524 377 575 revera
399 508 483 575 inter
505 511 718 577 Athenienses
739 516 772 576 et
792 510 906 577 Persas
927 509 1002 575 inde
1024 509 1065 576 ab
1086 532 1169 577 anno
1191 512 1256 578 346
1277 534 1376 597 usque
1398 512 1440 576 ad
1460 533 1580 577 annum

254 607 401 695 344y31)
423 613 489 679 sive
514 615 554 680 de
577 616 726 681 societate
748 614 888 680 ineunda
910 615 975 679 sive
995 614 1035 679 de
1057 615 1196 681 amicitia
1219 616 1358 701 gerenda
1386 621 1490 681 actum
1513 636 1581 679 esse

255 732 370 796 eaque
398 716 438 782 de
467 740 501 783 re
523 718 736 784 Athenienses
765 740 861 782 unam
884 717 996 783 saltem
1017 717 1208 801 legationem
1240 719 1282 784 ad
1304 718 1431 787 Ochum
1452 717 1580 783 misisse.

257 815 519 887 Concedendum
543 826 590 887 est
612 843 735 905 semper
757 819 882 888 Ochum
904 820 1049 905 primum,
1078 827 1110 887 et
1136 845 1199 888 non
1221 822 1451 904 Athenienses,
1480 820 1519 886 iis
1541 820 1581 886 de

254 918 363 988 robus
386 945 480 1009 agere
503 929 651 990 conatum
674 946 749 991 esse.
797 924 862 991 Sed
892 946 955 990 non
979 925 1136 1007 miramur,
1168 926 1253 1010 quod
1281 927 1316 1008 is,
1349 926 1403 1010 qui
1424 926 1458 989 in
1482 924 1581 991 Cher·

255 1045 419 1093 sonesum
454 1027 704 1094 Atheniensibus
737 1028 899 1094 subactam
942 1049 1013 1093 cum
1043 1030 1181 1095 exercitu
1211 1051 1322 1114 pacem
1352 1050 1500 1113 rumpens
1532 1029 1581 1091 in-

258 1148 405 1213 gressus,
428 1130 513 1215 quod
535 1131 672 1197 oleruchi
694 1132 795 1197 Attici
817 1153 889 1196 eum
911 1153 969 1215 per
989 1137 1106 1196 terram
1128 1155 1219 1198 suam
1240 1131 1393 1217 proficisci
1415 1130 1581 1217 prohibere

258 1234 379 1298 conati
407 1240 495 1316 sunt,
528 1241 715 1319 conquestus
745 1240 825 1316 erat,
857 1256 907 1300 res
940 1236 986 1299 ita
1014 1234 1179 1319 detorquet
1210 1243 1306 1320 atque
1336 1234 1514 1317 confundit,
1545 1240 1582 1300 ut

259 1334 487 1404 Athenienses
516 1338 610 1423 primi
643 1338 682 1404 de
704 1338 828 1405 loedere
850 1337 892 1403 ad
913 1337 1032 1403 bellum
1054 1338 1202 1424 Philippo
1223 1339 1420 1405 inferendum
1443 1338 1581 1409 ineundo

261 1440 375 1524 egisse
398 1441 574 1507 videantur.

357 1542 441 1610 Mihi
463 1545 590 1629 quidem
611 1544 672 1610 hoc
694 1550 879 1630 argumento
903 1546 1069 1630 epistulam
1097 1567 1181 1611 anno
1204 1546 1320 1632 aloyae
1342 1547 1491 1630 scriptam
1514 1567 1583 1612 esse

264 1646 454 1713 confirmari
475 1670 539 1713 non
561 1648 691 1714 videtur.
737 1648 850 1730 Immo,
880 1648 972 1714 valde
994 1651 1133 1732 mirarer,
1166 1650 1251 1735 quod
1272 1649 1439 1735 Philippus
1457 1649 1582 1737 Byzan·

264 1752 351 1818 tium
367 1774 554 1838 oppugnans
576 1752 654 1817 nibil
669 1752 729 1819 nisi
751 1752 912 1843 πρέσβεις
935 1744 1166 1819 ἀπεστάλκατε
1187 1750 1365 1832 πείσοντας
1388 1748 1486 1819 αὐτὸν
1507 1749 1582 1836 ἐμοὶ

268 1855 430 1939 πολεμεῖν
453 1857 631 1941 scripsisset.
676 1855 807 1921 Addere
830 1856 932 1940 potuit
953 1856 1167 1923 Athenienses
1196 1879 1305 1923 revera
1325 1858 1393 1942 regi
1415 1857 1582 1923 Persarum

267 1961 472 2045 persuasisse,
489 1966 526 2026 ut
539 1966 681 2044 satrapas
695 1960 811 2026 auxilio
827 1960 973 2041 mitteret,
995 1982 1090 2045 seque
1106 1983 1126 2026 a
1140 1962 1274 2046 satrapis
1290 1960 1425 2027 Persicis
1440 1960 1583 2026 Perinthi

270 2064 466 2130 obsidionem
489 2063 608 2129 solvere
630 2070 774 2129 coactum
796 2068 902 2144 esset).
946 2062 1093 2130 Vidimus
1115 2064 1199 2128 enim
1221 2064 1399 2148 epistulam,
1420 2086 1484 2148 qua
1508 2063 1583 2128 Phi-

269 2167 377 2252 lippus
398 2167 515 2233 bellum
538 2166 663 2248 indixit,
696 2173 764 2232 tum
792 2166 941 2251 scriptam
971 2188 1052 2247 esse,
1084 2188 1156 2233 cum
1184 2167 1419 2252 oppugnatione
1440 2167 1584 2233 Perinthi

272 2270 404 2338 dimissa
427 2270 616 2356 Byzantium
639 2270 813 2337 obsidebat.

361 2372 455 2458 Quod
478 2396 517 2439 ex
539 2374 692 2459 epistulae
714 2374 766 2456 §2
789 2380 821 2439 et
844 2375 944 2439 16εο
966 2379 1106 2459 tempore
1122 2374 1305 2459 Philippum
1328 2395 1399 2439 cum
1422 2372 1585 2459 Byzantiis

273 2479 331 2543 etsi
354 2500 418 2543 non
432 2476 550 2542 bellum
565 2478 705 2561 gessisse,
726 2483 761 2542 at
782 2482 865 2543 certe
886 2477 920 2541 in
943 2478 1101 2543 simultate
1123 2476 1218 2543 fuisse
1233 2483 1373 2562 apparet,
1394 2476 1584 2542 Demosthe-

273 2604 330 2647 nes
352 2603 418 2647 rem
441 2581 557 2665 passim
579 2580 773 2666 perstringit:
805 2580 895 2649 VIII
919 2582 974 2661 143
996 2580 1087 2649 VIII
1108 2582 1150 2647 66
1185 2578 1424 2646 Φιλίππου..
1447 2581 1501 2644 νῦν
1525 2576 1585 2644 ἐπὶ

275 2678 453 2766 Βυζάντιον
476 2678 657 2771 παριόντος
688 2683 746 2748 ΙΧ
768 2683 811 2749 34
840 2684 897 2748 καὶ
921 2688 975 2748 νῦν
1006 2680 1067 2748 ἐπὶ
1089 2679 1288 2764 Βυζαντίους
1309 2675 1484 2769 πορεύεται
1506 2705 1585 2766 συμ-

273 2784 396 2871 μάχους
418 2779 522 2865 ὄντας.
566 2786 602 2854 Si
635 2787 802 2873 epistulam
830 2809 913 2853 anno
936 2787 999 2853 342
1029 2787 1177 2872 scriptam
1208 2809 1275 2853 esse
1301 2792 1386 2853 recte
1408 2787 1586 2867 statuimus,

274 2914 338 2977 qua
370 2892 421 2957 via
451 2897 560 2957 contra
590 2889 762 2977 Byzantios
788 2891 862 2956 inde
892 2891 933 2956 ab
955 2890 1066 2956 Hebro
1094 2890 1224 2956 flumine
1251 2892 1410 2975 proiectus
1437 2891 1492 2972 sit,
1523 2890 1585 2956 dioi

274 2999 387 3080 potest.
444 2994 495 3059 Ex
528 2997 612 3078 §16
624 3018 668 3079 sq.
701 2996 785 3061 enim
817 2994 1001 3079 Philippum
1031 3016 1088 3079 per
1119 2994 1349 3061 Chersonesum
1382 2995 1443 3059 iter
1471 2993 1585 3060 fecisse

274 3102 413 3182 apparet.
459 3096 533 3182 Qua
562 3120 611 3180 re,
644 3120 725 3182 quae
758 3098 798 3163 de
829 3098 982 3183 epistulae
1009 3098 1145 3163 traditae
1175 3104 1316 3183 tempore
1344 3097 1586 3178 enucleavimus,

273 3201 391 3286 optime
406 3200 638 3266 confirmantur.
682 3202 734 3266 Ex
749 3201 873 3267 Duride
895 3202 979 3267 enim
1002 3206 1156 3282 constat³)
1178 3201 1361 3286 Philippum
1384 3222 1468 3266 anno
1490 3201 1586 3279 343l2

274 3307 308 3369 in
339 3303 534 3371 Chersoneso
565 3310 721 3370 versatum
750 3326 826 3370 esse.
881 3305 1032 3370 Narravit
1059 3305 1142 3370 enim
1170 3326 1274 3370 rerum
1305 3305 1436 3389 scriptor
1466 3303 1586 3388 Philip-

273 3430 364 3492 pum,
398 3427 469 3470 cum
494 3405 642 3472 Cardiam
671 3408 875 3491 pervenisset,
909 3408 1086 3473 Eumenem
1119 3430 1226 3473 secum
1257 3406 1424 3473 abduxisse
1451 3428 1586 3491 eumque

274 3533 331 3595 per
352 3513 472 3593 septem
489 3529 702 3593 annosasque
724 3510 765 3574 ad
781 3509 921 3595 Philippi
942 3517 1075 3576 mortem
1097 3512 1179 3595 regis
1201 3511 1335 3576 scribam
1352 3510 1456 3575 fuisse.
1502 3510 1585 3577 Cum

273 3611 456 3695 Philippum
479 3632 563 3676 anno
582 3612 699 3698 336s35
721 3619 877 3678 mortuum
900 3636 968 3679 esse
991 3616 1151 3697 constet4),
1172 3636 1228 3679 rex
1250 3636 1333 3679 anno
1349 3613 1444 3697 34312
1466 3613 1585 3678 Eume-

273 3736 349 3778 nem
373 3733 479 3779 secum
501 3713 633 3781 abduxit
654 3715 825 3799 eodemque
848 3738 932 3782 anno
956 3716 1093 3784 Cardiae
1116 3724 1256 3784 versatus
1278 3724 1334 3786 est.

412 3939 483 3995 Ochi
503 3942 674 4010 legationem
693 3961 755 3998 vere
773 3942 826 3999 343
845 3944 974 3999 Athenas
994 3945 1155 4015 pervenisse
1174 3945 1249 3999 infra
1268 3945 1434 4000 videbimus.

413 4030 517 4099 [Dem]
537 4031 577 4084 XI
596 4030 626 4099 5;
646 4032 749 4087 Arriau
768 4033 794 4099 2,
815 4033 856 4101 14,
876 4033 893 4088 5
912 4034 945 4089 cf.
966 4034 1047 4088 Diod.
1068 4034 1109 4101 16,
1129 4034 1211 4105 resq.

365 3942 391 4009 1)

364 4028 391 4097 2)

363 4118 390 4186 3)
410 4118 487 4173 Plut.
508 4118 588 4172 Ilum.
608 4138 630 4175 c.
649 4123 675 4177 1.
710 4122 803 4193 Nepos
822 4122 902 4177 Ilum.
922 4141 945 4176 o.
964 4123 979 4176 1
1000 4125 1029 4177 et
1048 4122 1091 4176 13.

364 4206 391 4275 4)
413 4208 447 4262 of.
467 4207 601 4264 Sohaefer
620 4210 681 4265 111⁸
699 4211 742 4278 69,
762 4210 786 4264 1.
