3650 5709
876 468 1089 533 -18„

326 660 422 745 343)2
454 659 712 725 aDemosthene
743 657 865 742 scriptis
887 657 997 723 eodem
1030 656 1280 722 concludendum
1310 662 1358 722 est
1385 662 1539 738 tempore,
1570 673 1640 738 quo

328 762 562 829 Demosthenes
584 763 740 845 ceterique
761 760 845 844 legai
867 760 908 826 ab
930 759 1180 825 Atheniensibus
1202 760 1306 825 emissi
1338 764 1420 840 sunt,
1450 757 1639 841 Philippum

328 866 414 950 apud
441 866 648 931 Ambraciam
679 869 835 930 versatum
865 884 933 929 esse
962 862 1058 946 idque
1089 883 1173 928 anno
1201 863 1296 947 344)3
1324 862 1455 948 Lycisco
1481 878 1641 944 eponymo

327 971 448 1035 iactum
470 990 536 1035 esse
559 991 597 1033 ex
618 968 666 1048 iis,
688 988 768 1051 quae
791 972 864 1031 sunt
886 961 921 1030 ai
943 963 1063 1050 πέρυσι
1090 968 1274 1052 πρεσβεῖαι,
1306 971 1445 1050 apparet.
1500 963 1642 1030 Oonstat

329 1093 403 1156 ergo
433 1071 608 1157 Hegesippi
637 1071 809 1135 orationem
838 1068 970 1155 Lycisco
999 1088 1153 1154 eponymo
1181 1068 1322 1134 habitam
1354 1090 1431 1150 esse,
1463 1068 1568 1152 idque,
1604 1070 1642 1129 ut

328 1175 459 1257 videtur,
469 1196 540 1241 rere
557 1175 630 1241 343.
662 1174 743 1239 Inde
756 1178 862 1238 autem
877 1173 1004 1237 maioris
1019 1173 1169 1236 momenti
1183 1193 1233 1237 res
1247 1172 1391 1237 concludi
1403 1193 1492 1256 posse
1503 1172 1641 1236 videtur.

414 1278 581 1363 Philippus
603 1277 676 1343 inde
696 1299 715 1341 a
737 1298 815 1361 pace
838 1276 1036 1358 Philocratis,
1069 1296 1150 1359 quae
1180 1281 1317 1358 vocatur,
1350 1276 1451 1360 magis
1473 1274 1642 1357 magisque

330 1386 492 1448 assecutus
511 1387 566 1463 est,
587 1387 623 1447 ut
642 1380 887 1465 Peloponnesios
908 1381 941 1443 in
964 1401 1053 1445 suam
1075 1384 1261 1462 potestatem
1283 1379 1472 1463 redigeret¹t
1517 1378 1641 1442 Demo·

331 1485 457 1551 sthenes
478 1485 724 1569 Peloponnesios
745 1484 884 1567 Philippi
906 1483 1029 1549 falaciis
1051 1483 1207 1567 agitan'2),
1229 1504 1336 1567 regem
1357 1482 1495 1547 libertati
1525 1481 1642 1563 Mega·

329 1589 466 1655 rensium
486 1589 669 1655 insidiatum
691 1590 795 1672 essel),
817 1589 850 1652 in
871 1587 967 1653 Illide
987 1582 1063 1663 τούς
1077 1585 1340 1672 φιλιππίζοντας
1360 1587 1496 1669 vicisse4)
1520 1587 1643 1649 narrat.

331 1690 378 1757 Ut
408 1691 620 1758 Athenienses
655 1691 855 1775 Philippum,
883 1691 1049 1774 quominus
1075 1694 1176 1755 totam
1201 1689 1455 1775 Peloponnesum
1482 1690 1517 1753 in
1548 1708 1642 1753 suam

331 1801 518 1879 potestatem
542 1795 712 1879 redigeret,
739 1794 940 1879 impedirent,
970 1794 1090 1878 legatos
1110 1793 1181 1859 illos
1202 1793 1271 1878 (IX
1293 1794 1346 1877 72)
1368 1794 1552 1873 emiserant,
1587 1791 1643 1874 qui

332 1898 472 1964 dicerent
501 1899 682 1983 Philippum
716 1899 859 1964 omnibus
892 1897 1025 1964 Graecis
1055 1897 1205 1978 insidiari,
1238 1897 1412 1963 cavendum
1446 1918 1514 1963 esse
1548 1896 1642 1961 illum

331 2001 473 2068 dolorum
508 2002 668 2068 artificem.
712 2000 750 2067 cf.
779 2000 870 2069 VIII
900 2002 942 2067 35
969 2022 1006 2084 sq
1006 2050 1162 2067 ......
1193 1996 1300 2088 λέγεθ’
1329 2000 1563 2083 (Athenienses)
1597 1990 1644 2074 ὡς

331 2100 539 2189 ἐπιβουλεύει
564 2100 744 2181 Φίλιππος
764 2099 840 2193 ἡμῖν
862 2102 918 2171 καὶ
941 2106 1028 2169 πᾶσι
1049 2107 1121 2183 τοῖς
1137 2096 1292 2193 Ἕλλησι,
1313 2103 1371 2171 καὶ
1387 2098 1432 2182 ὡς
1445 2100 1645 2192 φυλλύττειν

332 2209 383 2274 δεῖ
414 2204 472 2274 τὸν
503 2199 686 2294 ύνθρωπον
715 2205 771 2273 καὶ
796 2199 905 2273 πάντα
927 2203 1056 2274 τοιαυτί
1079 2256 1207 2272 .....
1230 2204 1263 2274 τύ
1284 2197 1341 2274 σύν
1363 2203 1559 2295 πρεσβεύετε
1584 2204 1644 2269 καὶ

333 2314 543 2399 κατηγορεῖτε
566 2308 622 2375 καὶ
646 2304 818 2395 πράγμαθ’
843 2305 921 2399 ἡμῖν
944 2308 1117 2396 παρέχετες

417 2415 475 2480 Ad
491 2413 578 2479 illam
600 2414 803 2498 legationem,
836 2415 886 2480 cui
908 2415 1080 2480 secundum
1102 2414 1158 2479 IX
1181 2414 1223 2479 72
1250 2414 1452 2499 Hegesippus
1480 2415 1646 2495 intererat,

332 2519 390 2585 viri
412 2518 496 2584 docti
520 2516 739 2601 Schaeferusl)
761 2524 793 2583 et
813 2518 950 2584 Weilius
971 2540 1028 2585 suo
1049 2519 1117 2583 iure
1132 2518 1309 2603 Hegesippi
1331 2519 1426 2583 verba
1442 2517 1645 2598 rettulerunt,

333 2642 415 2706 quae
444 2626 570 2686 exstant
596 2620 667 2689 VH
688 2620 744 2686 33:
781 2618 859 2705 περὶ
891 2620 927 2685 δὲ
963 2620 1028 2685 τῶν
1061 2610 1272 2702 ὑποσχέσεων
1304 2606 1350 2685 οἷν
1385 2613 1462 2703 ὑμῖν
1497 2619 1646 2686 διατελεῖ

332 2718 592 2807 ὑπισχνούμενος
614 2717 659 2800 ὡς
680 2720 805 2808 μεγάλα
826 2717 913 2804 ὑμᾶς
936 2718 1158 2812 εὐεργετήσων,
1181 2720 1455 2808 καταψεύδεσθαί
1474 2722 1517 2807 με’
1539 2744 1646 2811 φησιν

333 2822 434 2893 αὐτοῦ
457 2821 674 2910 διαβάλλοντα
697 2824 785 2909 πρὸς
807 2820 883 2903 τούς
898 2819 1071 2914 Ἕλληνας·
1094 2820 1188 2891 οὐδὲν
1209 2824 1271 2913 γὰρ
1285 2819 1362 2910 ύμῖν
1377 2824 1525 2892 πιύποτέ
1539 2847 1646 2915 φησιν

331 2927 550 3012 ἑποσχέσθαι.
603 2930 799 2997 Calumniari
820 2931 904 2995 enim
926 2930 1129 3015 Hegesippus
1151 2930 1300 3015 Philippo
1321 2953 1385 2997 non
1412 2936 1550 3016 poterat,
1583 2930 1647 2995 nisi

332 3034 456 3119 legatus
492 3032 633 3101 Graecos
668 3034 868 3115 adhortatus,
902 3056 943 3099 ne
976 3033 1117 3117 Philippi
1153 3034 1313 3118 promissis
1346 3035 1441 3101 fidem
1477 3035 1646 3115 haberent,

333 3137 527 3219 ostendebat,
559 3137 715 3221 quomodo
749 3137 997 3204 Atheniensibus
1028 3140 1181 3222 promissa
1212 3136 1377 3220 effecisset,
1411 3161 1492 3223 quae
1523 3138 1647 3223 optime

335 3239 493 3325 quadrant
523 3240 566 3305 ad
594 3240 797 3325 legationem,
829 3243 918 3308 cuius
948 3240 1179 3307 Demosthenes
1207 3241 1264 3306 IX
1294 3243 1335 3307 72
1364 3248 1397 3309 et
1419 3243 1508 3311 VIII
1529 3242 1574 3307 35
1597 3263 1645 3325 sq.

332 3344 523 3408 mentionem
545 3343 625 3409 iacit
647 3350 679 3409 et
700 3344 739 3409 de
762 3366 800 3410 ea
822 3345 988 3429 Philippus
1009 3345 1122 3410 litteris
1137 3344 1350 3412 Athenienses
1365 3351 1499 3412 accusat
1536 3346 1646 3429 Lega-

332 3448 432 3513 tiones
452 3467 527 3530 ergo
548 3446 582 3511 in
604 3448 743 3513 oratione
758 3446 829 3516 VII
844 3454 876 3514 et
896 3450 929 3513 in
952 3448 1145 3514 orationibus
1167 3447 1254 3517 VIH
1271 3455 1303 3515 et
1319 3449 1357 3514 X
1378 3455 1646 3516 commemoratae

332 3550 461 3616 eaedem
486 3571 552 3615 esse
573 3550 725 3617 videntur.

418 3651 510 3737 Quae
531 3653 611 3719 ratio
632 3654 799 3720 intercedit
818 3656 901 3720 inter
923 3654 1006 3721 hanc
1027 3655 1217 3741 legationem
1239 3656 1390 3738 atillam,
1423 3656 1512 3722 cuius
1534 3662 1647 3723 emtor

333 3758 366 3822 in
388 3756 528 3823 secunda
548 3756 727 3842 Philippica
754 3760 946 3826 mentionem
975 3760 1076 3825 facit?
1119 3759 1208 3826 Dicit
1229 3766 1334 3827 orator
1353 3760 1416 3826 illis
1445 3760 1646 3844 temporibus

332 3882 438 3946 regem
460 3860 600 3944 Argivos
621 3861 857 3946 Messeniosque
883 3862 1008 3947 magnis
1037 3863 1177 3930 affecisse
1199 3862 1386 3948 beneficiis⁶l
1418 3869 1450 3929 et
1471 3885 1528 3948 pro
1547 3863 1645 3928 liber·

332 3968 397 4030 tate
420 3968 528 4028 contra
541 3962 809 4032 Lacedaemonios
824 3967 1010 4033 dimicantes
1031 3966 1231 4050 adiuvasse').
1263 3968 1409 4033 Eandem
1431 3989 1498 4033 rem
1520 3967 1646 4032 Demo·

331 4067 456 4133 sthenes
478 4067 580 4133 verbis
600 4069 663 4133 iam
680 4069 783 4136 allatis
799 4069 888 4137 VIII
901 4071 923 4136 6
938 4077 970 4135 et
985 4069 1042 4134 IX
1059 4071 1099 4135 17
1115 4069 1291 4154 significare
1306 4071 1437 4137 videtur.
1470 4070 1644 4137 Summum

333 4170 504 4256 periculum
526 4170 775 4239 Atheniensibus
799 4174 1021 4257 imminuisset,
1053 4175 1080 4240 si
1108 4174 1260 4241 Messenii
1289 4180 1321 4240 et
1349 4173 1463 4259 Argivi
1492 4174 1646 4259 Phihppo

332 4316 557 4323 ———...

420 4381 445 4451 1)
464 4382 505 4435 IX
525 4382 559 4437 18
577 4385 819 4451 Πελοποννησίους
837 4382 870 4436 τὰ
889 4385 994 4438 ἐκείνου
1012 4388 1160 4457 φρονῆσαι.

418 4470 447 4535 2)
466 4471 507 4524 IX
526 4471 559 4525 17
579 4468 612 4523 τὰ
627 4472 657 4525 ἒν
674 4469 890 4538 Πελοποννήσου
907 4470 1095 4544 σκευρώμενον
1114 4476 1148 4530 cf.
1168 4475 1238 4531 VIII
1257 4474 1282 4528 6.

417 4559 444 4628 3)
463 4559 504 4613 ΙΧ
522 4559 557 4613 27
577 4556 723 4631 Μεγάροις
740 4557 935 4628 ἐπεβούλευσεν
952 4559 1047 4632 πρώην
1065 4564 1099 4618 cf.
1118 4564 1159 4617 IX
1177 4563 1211 4617 17
1231 4562 1298 4616 XIX
1315 4562 1369 4616 294
1388 4579 1449 4632 sqq.
1468 4564 1498 4615 et
1515 4561 1580 4615 326.

284 4675 289 4686 ⁴
416 4648 443 4717 4)
462 4650 503 4703 IX
521 4650 555 4704 27
569 4648 651 4702 Ἦλιν
669 4649 726 4720 ἔχει
743 4646 904 4716 τηλικαύτην
923 4647 1006 4703 πόλιν
1023 4651 1053 4705 ἐν
1070 4648 1286 4718 Πελοποννήσου
1304 4652 1338 4707 cl.
1355 4652 1423 4705 XIX
1436 4650 1496 4705 234.

418 4737 445 4808 5)
463 4739 511 4792 11⁹
528 4737 591 4807 354,
611 4738 636 4793 l.

418 4826 444 4895 6)
463 4827 502 4881 VI
521 4826 537 4879 9
556 4827 603 4880 καλ
620 4829 671 4879 νῦν
687 4823 751 4885 τοὺς
769 4830 947 4892 Μεσσηνίους
965 4831 1013 4883 καῖ,
1029 4829 1093 4886 τοῦς
1109 4825 1240 4898 Ἀργείους
1258 4868 1265 4881 .
1286 4868 1292 4881 .
1312 4869 1318 4882 .
1337 4870 1344 4883 .
1363 4821 1393 4879 εὖ
1412 4831 1495 4880 ποιεῖ.

418 4915 444 4984 7)
464 4916 497 4970 cl.
517 4915 557 4969 VI
576 4915 610 4970 13
629 4910 644 4964 o‘
662 4912 717 4985 γὰρ
734 4910 886 4984 Μεσσήνην
903 4914 1145 4987 Λακεδαιμονίους
1162 4912 1276 4987 ἀφιέναι
1288 4912 1408 4972 κελεύων.
