3650 5709
804 442 1016 507 ..13-

253 625 357 709 magis
379 627 535 710 perpolita
552 626 701 694 videmus.
748 627 822 712 Qua
843 628 883 693 de
905 649 939 692 re
955 628 1094 713 Spengel
1116 629 1386 717 (Abhandlungen
1402 635 1433 700 d.
1449 635 1564 723 Bayer.

255 727 322 792 Ak.
345 728 413 810 IX,
440 753 472 814 p.
495 730 585 813 304),
618 731 771 797 Benseler
800 732 865 816 (De
893 731 983 797 hiatu
1004 734 1039 797 in
1061 738 1151 799 oratt.
1176 734 1292 801 Atticis
1320 758 1350 819 p.
1374 738 1435 804 108
1445 760 1509 824 sqq.
1532 746 1566 806 et

257 831 414 917 123sqq.),
436 833 557 899 Koerte
579 833 704 917 (Rhein.
717 834 801 901 Mus.
816 835 868 917 60,
890 835 953 901 407
961 839 1037 921 sqq.)
1061 836 1306 921 disputaverunt.
1352 838 1416 923 Qui
1437 842 1471 905 in
1493 864 1563 908 ora·

255 937 341 1002 tione
364 936 455 1005 VIII
475 937 679 1004 inveniuntur
710 937 823 1021 hiatus,
851 939 884 1003 in
918 941 1058 1005 oratione
1080 939 1117 1004 X
1148 941 1295 1023 vitantur,
1325 943 1408 1026 quod
1429 964 1502 1026 non,
1530 951 1567 1011 ut

257 1039 431 1106 Benselero
462 1041 598 1123 videtur,
631 1041 773 1107 codicum
805 1042 926 1124 scribis,
958 1043 1014 1109 sed
1046 1044 1105 1127 ipsi
1133 1045 1247 1110 oratori
1275 1044 1477 1111 tribuendum
1509 1054 1565 1115 est.

259 1143 360 1210 Ouius
390 1144 435 1210 rei
464 1144 527 1210 duo
557 1143 667 1211 afferre
690 1145 834 1229 exempla
862 1147 965 1211 hceat.
1008 1146 1049 1211 In
1072 1168 1115 1212 or.
1138 1146 1228 1215 VIII
1250 1147 1293 1212 42
1315 1149 1464 1233 scriptum
1487 1149 1566 1235 legi·

257 1270 341 1313 nius:
377 1242 450 1312 ἐστέ
482 1244 543 1334 χεὶρ
571 1239 665 1330 δμεῖς
695 1242 755 1313 οὐκ
788 1243 884 1315 αὐτοὶ
913 1250 1153 1339 πλεονεκτῆσαι
1183 1249 1239 1316 καὶ
1266 1256 1437 1333 κατασχεῖν
1464 1244 1566 1341 ἀρχῆν

258 1341 296 1416 εὖ
327 1348 526 1439 πεφυκότες,
560 1345 631 1416 ἀλλ’
662 1348 771 1437 ἕτερον
806 1351 920 1436 λαβεῖν
948 1352 1091 1419 κωλῦσαι
1118 1352 1177 1419 καί
1209 1348 1307 1434 ἐχοντ’
1341 1349 1566 1443 ἀφελέσθαι

259 1453 364 1520 δεινοὶ
386 1454 443 1521 καί
465 1449 549 1533 ὅλως
570 1452 743 1542 ἐνοχλῆσαι
764 1457 836 1533 τοῖς
851 1446 960 1542 ἀρχειν
981 1455 1193 1539 βουλομένοις
1213 1455 1270 1522 καί
1294 1453 1420 1536 πάντας
1436 1451 1565 1547 ἀνθριί-

258 1582 346 1638 πους
368 1554 416 1636 εἰς
437 1554 630 1645 ἐλευθερίαν
651 1548 882 1645 ἀφελέσθαι
906 1555 1071 1642 ἕτοιμοι.
1118 1558 1184 1625 Suo
1198 1560 1265 1625 iure
1280 1559 1433 1627 Benseler
1454 1564 1495 1646 (p.
1512 1562 1565 1640 70)

257 1667 385 1746 praeter
399 1662 530 1745 hiatum,
553 1663 607 1746 qui
629 1668 676 1728 est
697 1663 780 1727 inter
801 1656 989 1747 ἀφελέσθαι
1013 1668 1045 1727 et
1067 1659 1204 1745 ἐτοιμοι,
1227 1663 1355 1729 verbum
1378 1659 1566 1751 ἀφελέσθαι

257 1765 382 1832 diversa
404 1765 631 1851 significatione
665 1765 713 1831 bis
741 1766 877 1850 positum
900 1764 1056 1832 offendere
1085 1766 1169 1832 dicit.
1216 1766 1344 1850 Optime
1366 1787 1440 1851 ergo
1462 1768 1565 1834 locum

258 1869 440 1935 emendavit
461 1869 691 1936 Demosthenes
714 1870 758 1935 sic
779 1870 812 1934 in
835 1870 976 1935 oratione
999 1869 1036 1934 X
1058 1870 1123 1954 (14)
1145 1870 1297 1936 scribens:
1416 1864 1478 1935 ἀλλ
1500 1868 1566 1937 ἐτε-

258 1996 314 2058 ρου
336 1974 449 2057 λαβεῖν
469 1972 618 2039 κωλῦσαι
641 1971 697 2037 καὶ
720 1967 819 2053 ἔχοντ’
850 1964 1074 2060 ἀφελέσθαι
1105 1970 1161 2038 καί
1191 1963 1276 2049 ὅλως
1305 1970 1474 2061 ἐνοχλῆσαι
1496 1977 1567 2051 τοῖς

257 2066 368 2163 ἀρχειν
387 2073 599 2160 βουλομένοις
620 2074 677 2141 καὶ
700 2073 827 2154 πάντας
850 2070 1052 2161 ἀνθρώπους
1072 2071 1120 2154 εἰς
1142 2073 1332 2162 ἐλευθερίαν
1353 2074 1566 2155 ἐξελέσθαι

258 2176 393 2245 δεινοί.

345 2282 458 2349 Altero
479 2282 548 2349 loeo
564 2282 796 2349 Demosthenes
818 2289 851 2348 et
870 2283 991 2348 hiatum
1015 2285 1113 2349 vitare
1135 2289 1167 2349 et
1187 2284 1375 2349 sententiam
1398 2285 1566 2350 emendare

258 2392 391 2453 conatus
412 2409 479 2453 rem
507 2407 570 2453 non
603 2387 697 2471 plane
726 2393 887 2453 assecutus
916 2393 973 2452 est.
1019 2386 1109 2455 VIII
1130 2387 1149 2468 ξ
1171 2385 1214 2451 56
1245 2388 1382 2470 quaerit,
1415 2387 1566 2470 quamob-

258 2511 326 2554 rem
360 2491 530 2557 adversarii
551 2490 801 2557 Atheniensibus
833 2512 897 2556 non
919 2491 1096 2572 ostendant,
1123 2490 1237 2574 quibus
1257 2491 1378 2556 iniuuis
1401 2490 1567 2576 Philippus

258 2594 369 2659 urbem
391 2592 531 2661 affecerit
552 2600 584 2659 et
606 2593 736 2676 afficiat,
762 2615 815 2660 eos
837 2600 957 2676 autem,
990 2596 1044 2681 qui
1065 2594 1125 2660 hoo
1146 2594 1329 2676 ostendunt,
1350 2615 1460 2678 pacem
1483 2617 1567 2660 rum-

260 2719 336 2782 pere
358 2704 501 2782 arguant.
544 2697 729 2782 Respondet
758 2703 862 2764 oratcr
890 2699 946 2763 57:
979 2689 1033 2763 δτι
1063 2691 1122 2787 τῆν
1154 2690 1254 2784 ὀργῆν
1285 2685 1324 2785 ῆν
1356 2689 1446 2774 εἰκός
1479 2695 1568 2764 ἐστιν

259 2799 414 2887 γενέσθαι
429 2794 508 2888 παρ’
524 2793 623 2885 ὑμῶν,
647 2795 685 2866 ἀν
702 2826 736 2866 τι
752 2801 910 2889 λυπῆσθε
933 2804 993 2867 τῶι
1017 2799 1177 2884 πολέμιοι,
1201 2797 1249 2879 είς
1270 2799 1347 2880 τοὺς
1368 2795 1454 2885 ὖπέρ
1476 2794 1568 2884 ὑμῶν

261 2903 415 2991 λέγοντας
436 2902 477 2969 τά
498 2903 654 2989 βέλτιστα
676 2902 800 2991 τρέψαι
820 2898 1006 2989 βούλονται,
1037 2905 1091 2971 ἳνα
1113 2899 1247 2983 τούτους
1267 2901 1403 2991 κρίνητε,
1434 2902 1480 2992 μῆ
1508 2901 1567 2969 Φί-

261 3008 395 3073 λιππον
409 3002 580 3095 ἀμύνησθε
601 3006 658 3074 καί
674 3011 877 3095 κατηχορῶσι
893 3003 996 3088 αὐτοὶ,
1018 3006 1064 3099 μῆ
1088 3004 1180 3096 δίκην
1194 3008 1302 3087 δῶσιν,
1327 2995 1373 3072 ὦν
1391 3011 1568 3074 ποιοῦνται

262 3112 326 3179 νῖν.
353 3106 441 3178 τοῦτ’
466 3102 579 3190 αὐτοῖς
601 3107 735 3179 δύναται
757 3105 795 3179 τδ
818 3110 932 3198 λέγειν,
956 3107 1002 3190 ὡς
1027 3104 1093 3198 ἀρα
1115 3108 1291 3195 βούλονται
1314 3103 1463 3195 πόλεμόν
1483 3135 1569 3191 τινες

264 3217 409 3304 ποιῆσαι
447 3206 528 3304 παρ’
564 3207 655 3299 ipis,
700 3213 758 3281 καί
794 3214 875 3302 περί
911 3207 1030 3281 τούτου
1065 3209 1086 3304 ῆ
1123 3211 1315 3282 διαδικασία
1352 3206 1434 3301 αὕτη
1471 3210 1569 3280 ἐστίν.

264 3319 495 3387 Demosthenes
510 3342 585 3405 ergo
599 3320 779 3405 respondet:
802 3326 846 3402 ut,
867 3320 893 3386 si
908 3320 1031 3386 cladem
1046 3320 1218 3404 accepistis,
1238 3319 1310 3383 irati
1322 3318 1568 3384 Demosthenem

264 3424 393 3507 eiusque
421 3425 539 3489 amicos
561 3425 710 3507 multetis,
739 3430 771 3489 et
797 3430 833 3490 ut
854 3424 1025 3489 adversarii
1054 3424 1174 3489 animos
1203 3428 1321 3489 vestros
1349 3421 1411 3487 hac
1432 3421 1487 3486 lite
1520 3442 1571 3486 oc·

264 3533 393 3611 cupent,
429 3529 476 3593 ita
505 3534 542 3593 ut
571 3527 687 3593 bellum
720 3527 891 3612 gerendum
926 3528 1101 3612 neglegatis
1130 3533 1162 3592 et
1191 3526 1227 3592 ut
1263 3527 1324 3610 ipsi
1355 3525 1506 3590 invidiam
1540 3532 1573 3591 et

264 3651 400 3715 poenam
422 3630 560 3697 debitam
584 3630 815 3714 subterfugiant
823 3634 854 3714 ¹).

352 3733 426 3818 Qua
459 3734 493 3798 in
525 3734 797 3818 argumentatione
827 3735 962 3817 primum
1002 3735 1072 3817 quis
1111 3732 1219 3799 eredat
1250 3731 1459 3798 Demostheni
1492 3731 1572 3798 tales

265 3838 386 3918 hiatus,
421 3836 530 3919 quales
561 3827 584 3922 ῆ
617 3831 809 3902 διαδικασία
841 3832 924 3922 αὕτη
957 3832 1057 3915 ἐστίν,
1100 3834 1278 3901 tolerabiles
1309 3832 1432 3901 fuisse?
1490 3835 1573 3901 Tum

265 3941 375 4023 quaeri
398 3945 516 4024 potest,
547 3940 750 4023 quamobrem
772 3940 808 4022 ii,
839 3941 893 4023 qui
915 3939 1063 4023 Philippo
1091 3938 1232 4020 student,
1264 3938 1432 4021 quominus
1454 3937 1571 4003 bellum

266 4042 463 4124 exardescat,
496 4042 649 4127 impedire
678 4039 798 4108 velint?
842 4041 935 4126 Quae
957 4041 1188 4107 Demosthenes
1211 4063 1282 4106 cum
1304 4041 1449 4121 sentiret,
1481 4062 1573 4126 argu·

267 4146 493 4212 mentationem
522 4146 667 4211 mutabat
696 4147 756 4229 ita,
788 4152 824 4212 ut
852 4146 1030 4211 firmissima
1059 4152 1153 4229 atque
1191 4144 1390 4210 acerbissima
1418 4142 1503 4210 facta
1533 4146 1575 4211 sit

268 4250 319 4333 (X
341 4251 409 4335 59);
442 4250 478 4316 Si
500 4250 618 4316 bellum
640 4250 789 4334 Phihppo
811 4250 967 4332 inferetis,
988 4271 1043 4316 rex
1065 4250 1213 4315 vincetur.
1259 4248 1296 4315 Si
1317 4248 1418 4314 victus
1440 4247 1511 4330 erit,
1542 4250 1575 4331 ii,

269 4353 323 4436 qui
346 4354 374 4418 ei
396 4354 532 4436 student,
554 4375 617 4420 non
638 4354 810 4435 habebunt,
831 4376 851 4419 a
872 4376 935 4438 quo
957 4354 1133 4420 mercedem
1148 4354 1314 4437 accipiant.
1356 4351 1483 4416 Bellum
1499 4373 1574 4437 ergo

269 4477 467 4542 quocumque
488 4458 582 4524 modo
603 4458 833 4542 prohibendum
856 4464 910 4523 est
954 4458 1014 4540 Ut,
1046 4479 1086 4524 ns
1113 4457 1230 4523 bellum
1254 4455 1448 4536 exardescat,
1478 4456 1576 4539 impe·

269 4561 389 4643 diatur,
418 4582 484 4644 eos,
513 4562 566 4645 qui
589 4561 707 4627 bellum
729 4561 865 4646 agitant,
893 4561 1001 4627 litibus
1023 4561 1181 4627 debilitari
1207 4566 1302 4643 atque
1324 4558 1427 4643 frangi
1450 4579 1576 4625 necesse

269 4670 326 4731 est
371 4664 461 4749 Quas
483 4666 524 4730 ad
545 4665 616 4731 lites
638 4666 795 4749 parandas
817 4686 902 4731 nunc
925 4666 1096 4731 clamitant.
1140 4664 1199 4731 Sin
1221 4663 1338 4729 bellum
1353 4662 1578 4747 prohibebitur,

362 4892 388 4961 1)
408 4890 537 4955 Weilins,
556 4894 590 4945 ut
608 4891 690 4961 solet,
710 4891 764 4946 hac
782 4890 843 4946 loco
862 4891 998 4962 optimam
1017 4891 1282 4962 interpretationem
1301 4890 1431 4960 protulit.

1329 4994 1346 5049 2
