<?xml version="1.0" encoding="UTF-8"?>
<!DOCTYPE html PUBLIC "-//W3C//DTD XHTML 1.0 Transitional//EN"
    "http://www.w3.org/TR/xhtml1/DTD/xhtml1-transitional.dtd">
<html xmlns="http://www.w3.org/1999/xhtml" xml:lang="en" lang="en">
 <head>
  <title>
</title>
<meta http-equiv="Content-Type" content="text/html;charset=utf-8" />
  <meta name='ocr-system' content='tesseract 3.04.00' />
  <meta name='ocr-capabilities' content='ocr_page ocr_carea ocr_par ocr_line ocrx_word'/>
</head>
<body>
  <div class='ocr_page' id='page_1' title='image "./quaestionesdemo00stavgoog_0012.png"; bbox 0 0 3650 5709; ppageno 0'>
   <div class='ocr_carea' id='block_1_1' title="bbox 930 486 1120 549">
    <p class='ocr_par' dir='ltr' id='par_1_1' title="bbox 930 486 1120 549">
     <span class='ocr_line' id='line_1_1' title="bbox 930 486 1120 549; baseline 0.005 -15"><span class='ocrx_word' id='word_1_1' title='bbox 930 486 1120 549; x_wconf 80' lang='grc'>,.4..</span> 
     </span>
    </p>
   </div>
   <div class='ocr_carea' id='block_1_2' title="bbox 368 664 1675 2326">
    <p class='ocr_par' dir='ltr' id='par_1_2' title="bbox 368 664 1675 2326">
     <span class='ocr_line' id='line_1_2' title="bbox 371 664 1671 760; baseline -0.002 -20"><span class='ocrx_word' id='word_1_2' title='bbox 371 670 403 741; x_wconf 83' lang='lat' dir='ltr'><strong>oi</strong></span> <span class='ocrx_word' id='word_1_3' title='bbox 427 664 457 739; x_wconf 87' lang='grc' dir='ltr'><strong><em>δ’</em></strong></span> <span class='ocrx_word' id='word_1_4' title='bbox 481 670 546 740; x_wconf 83' lang='lat' dir='ltr'><strong>vici</strong></span> <span class='ocrx_word' id='word_1_5' title='bbox 574 668 675 739; x_wconf 76' lang='grc' dir='ltr'><strong><em>αὐτοῦ</em></strong></span> <span class='ocrx_word' id='word_1_6' title='bbox 697 669 846 753; x_wconf 86' lang='grc' dir='ltr'><strong><em>Καλλίας</em></strong></span> <span class='ocrx_word' id='word_1_7' title='bbox 873 671 929 739; x_wconf 87' lang='grc' dir='ltr'><strong><em>καὶ</em></strong></span> <span class='ocrx_word' id='word_1_8' title='bbox 955 669 1184 759; x_wconf 76' lang='grc' dir='ltr'><strong><em>Ταυροσθένης</em></strong></span> <span class='ocrx_word' id='word_1_9' title='bbox 1214 670 1297 755; x_wconf 83' lang='grc' dir='ltr'><strong><em>μετὰ</em></strong></span> <span class='ocrx_word' id='word_1_10' title='bbox 1324 674 1591 760; x_wconf 80' lang='grc' dir='ltr'><strong><em>Κηφισοφῶντος</em></strong></span> <span class='ocrx_word' id='word_1_11' title='bbox 1619 696 1671 739; x_wconf 88' lang='grc' dir='ltr'><strong><em>τοι</em></strong></span> 
     </span>
     <span class='ocr_line' id='line_1_3' title="bbox 371 768 1675 865; baseline -0.002 -22"><span class='ocrx_word' id='word_1_12' title='bbox 371 778 553 865; x_wconf 75' lang='grc' dir='ltr'><strong><em>στρατηγοῦ</em></strong></span> <span class='ocrx_word' id='word_1_13' title='bbox 584 778 649 842; x_wconf 93' lang='grc' dir='ltr'><strong><em>τῶν</em></strong></span> <span class='ocrx_word' id='word_1_14' title='bbox 676 768 863 865; x_wconf 73' lang='grc' dir='ltr'><strong><em>Ἀθηναίων</em></strong></span> <span class='ocrx_word' id='word_1_15' title='bbox 896 772 1063 858; x_wconf 82' lang='grc' dir='ltr'><strong><em>δυνάμεως</em></strong></span> <span class='ocrx_word' id='word_1_16' title='bbox 1093 772 1346 861; x_wconf 81' lang='grc' dir='ltr'><strong><em>στρατεύσαντες</em></strong></span> <span class='ocrx_word' id='word_1_17' title='bbox 1367 769 1421 840; x_wconf 79' lang='grc' dir='ltr'><strong><em>ἐπ’</em></strong></span> <span class='ocrx_word' id='word_1_18' title='bbox 1442 772 1558 862; x_wconf 87' lang='grc' dir='ltr'><strong><em>Ὠρεδν</em></strong></span> <span class='ocrx_word' id='word_1_19' title='bbox 1583 775 1675 840; x_wconf 89' lang='grc' dir='ltr'><strong><em>Φιλι-</em></strong></span> 
     </span>
     <span class='ocr_line' id='line_1_4' title="bbox 371 870 1669 968; baseline -0.002 -23"><span class='ocrx_word' id='word_1_20' title='bbox 371 876 483 968; x_wconf 88' lang='grc' dir='ltr'><strong><em>στίδην</em></strong></span> <span class='ocrx_word' id='word_1_21' title='bbox 518 878 575 947; x_wconf 88' lang='grc' dir='ltr'><strong><em>τδν</em></strong></span> <span class='ocrx_word' id='word_1_22' title='bbox 606 877 760 967; x_wconf 78' lang='grc' dir='ltr'><strong><em>τύραννον</em></strong></span> <span class='ocrx_word' id='word_1_23' title='bbox 792 872 990 945; x_wconf 74' lang='grc' dir='ltr'><strong><em>ἀπέκτεινον</em></strong></span> <span class='ocrx_word' id='word_1_24' title='bbox 1021 873 1075 942; x_wconf 76' lang='grc' dir='ltr'><strong><em>ἐπ’</em></strong></span> <span class='ocrx_word' id='word_1_25' title='bbox 1099 870 1251 965; x_wconf 80' lang='grc' dir='ltr'><strong><em>ι’ίρχοντος</em></strong></span> <span class='ocrx_word' id='word_1_26' title='bbox 1273 877 1469 964; x_wconf 78' lang='grc' dir='ltr'><strong><em>Σωσιγένους</em></strong></span> <span class='ocrx_word' id='word_1_27' title='bbox 1501 870 1669 960; x_wconf 72' lang='lat' dir='ltr'><strong>(cicinnos</strong></span> 
     </span>
     <span class='ocr_line' id='line_1_5' title="bbox 371 987 1671 1088; baseline -0.004 -21"><span class='ocrx_word' id='word_1_28' title='bbox 371 1001 472 1086; x_wconf 84' lang='lat' dir='ltr'><strong>codd.)</strong></span> <span class='ocrx_word' id='word_1_29' title='bbox 507 998 599 1088; x_wconf 86' lang='grc' dir='ltr'><strong><em>μηνί</em></strong></span> <span class='ocrx_word' id='word_1_30' title='bbox 633 1004 922 1086; x_wconf 87' lang='grc' dir='ltr'><strong><em>Σκιροφοριῶνι</em></strong></span> <span class='ocrx_word' id='word_1_31' title='bbox 957 994 1134 1065; x_wconf 77' lang='grc' dir='ltr'><strong><em>Φιλίππου</em></strong></span> <span class='ocrx_word' id='word_1_32' title='bbox 1169 995 1400 1082; x_wconf 78' lang='grc' dir='ltr'><strong><em>βασιλεύοντος</em></strong></span> <span class='ocrx_word' id='word_1_33' title='bbox 1429 995 1502 1078; x_wconf 63' lang='lat' dir='ltr'><strong><em>&amp;tog</em></strong></span> <span class='ocrx_word' id='word_1_34' title='bbox 1529 987 1586 1064; x_wconf 66' lang='grc' dir='ltr'><strong><em>ιδ.</em></strong></span> <span class='ocrx_word' id='word_1_35' title='bbox 1631 998 1671 1062; x_wconf 74' lang='grc' dir='ltr'><strong><em>Ἑλ</em></strong></span> 
     </span>
     <span class='ocr_line' id='line_1_6' title="bbox 371 1094 1670 1188; baseline -0.002 -20"><span class='ocrx_word' id='word_1_36' title='bbox 371 1103 509 1169; x_wconf 78' lang='lat' dir='ltr'>scholion</span> <span class='ocrx_word' id='word_1_37' title='bbox 530 1103 742 1169; x_wconf 89' lang='lat' dir='ltr'><strong>Aeschineum</strong></span> <span class='ocrx_word' id='word_1_38' title='bbox 765 1110 797 1169; x_wconf 88' lang='lat' dir='ltr'><strong><em>et</em></strong></span> <span class='ocrx_word' id='word_1_39' title='bbox 819 1106 957 1168; x_wconf 88' lang='lat' dir='ltr'><strong>narratio</strong></span> <span class='ocrx_word' id='word_1_40' title='bbox 974 1102 1125 1170; x_wconf 80' lang='lat' dir='ltr'>Characis</span> <span class='ocrx_word' id='word_1_41' title='bbox 1149 1103 1244 1187; x_wconf 82' lang='lat' dir='ltr'><strong>(apud</strong></span> <span class='ocrx_word' id='word_1_42' title='bbox 1259 1101 1457 1187; x_wconf 79' lang='lat' dir='ltr'>Stephanum</span> <span class='ocrx_word' id='word_1_43' title='bbox 1472 1124 1496 1169; x_wconf 89' lang='lat' dir='ltr'><strong>s.</strong></span> <span class='ocrx_word' id='word_1_44' title='bbox 1513 1126 1539 1167; x_wconf 89' lang='lat' dir='ltr'><strong><em>v.</em></strong></span> <span class='ocrx_word' id='word_1_45' title='bbox 1553 1094 1670 1188; x_wconf 83' lang='grc' dir='ltr'><strong><em>Ὠρεός)</em></strong></span> 
     </span>
     <span class='ocr_line' id='line_1_7' title="bbox 370 1206 1670 1289; baseline -0.002 -17"><span class='ocrx_word' id='word_1_46' title='bbox 370 1229 410 1272; x_wconf 86' lang='lat' dir='ltr'><strong><em>ex</em></strong></span> <span class='ocrx_word' id='word_1_47' title='bbox 436 1206 615 1272; x_wconf 90' lang='lat' dir='ltr'><strong>Philochori</strong></span> <span class='ocrx_word' id='word_1_48' title='bbox 642 1207 808 1272; x_wconf 82' lang='lat' dir='ltr'><strong>annalibus</strong></span> <span class='ocrx_word' id='word_1_49' title='bbox 836 1206 923 1272; x_wconf 91' lang='lat' dir='ltr'><strong>libris</strong></span> <span class='ocrx_word' id='word_1_50' title='bbox 951 1208 1081 1272; x_wconf 85' lang='lat' dir='ltr'><strong>fluxisse</strong></span> <span class='ocrx_word' id='word_1_51' title='bbox 1104 1207 1268 1272; x_wconf 87' lang='lat' dir='ltr'><strong>verisimile</strong></span> <span class='ocrx_word' id='word_1_52' title='bbox 1290 1213 1351 1288; x_wconf 82' lang='lat' dir='ltr'><strong>est,</strong></span> <span class='ocrx_word' id='word_1_53' title='bbox 1382 1206 1466 1289; x_wconf 90' lang='lat' dir='ltr'><strong>quod</strong></span> <span class='ocrx_word' id='word_1_54' title='bbox 1487 1228 1527 1271; x_wconf 84' lang='lat' dir='ltr'><strong><em>ex</em></strong></span> <span class='ocrx_word' id='word_1_55' title='bbox 1549 1206 1670 1271; x_wconf 86' lang='lat' dir='ltr'><strong>nomine</strong></span> 
     </span>
     <span class='ocr_line' id='line_1_8' title="bbox 369 1310 1670 1395; baseline -0.002 -20"><span class='ocrx_word' id='word_1_56' title='bbox 369 1312 575 1394; x_wconf 75' lang='lat' dir='ltr'><strong>mensisque</strong></span> <span class='ocrx_word' id='word_1_57' title='bbox 597 1332 647 1375; x_wconf 88' lang='lat' dir='ltr'><strong>res</strong></span> <span class='ocrx_word' id='word_1_58' title='bbox 668 1317 775 1394; x_wconf 85' lang='lat' dir='ltr'><strong>gestae</strong></span> <span class='ocrx_word' id='word_1_59' title='bbox 797 1317 878 1393; x_wconf 85' lang='lat' dir='ltr'><strong>sunt,</strong></span> <span class='ocrx_word' id='word_1_60' title='bbox 901 1311 1008 1376; x_wconf 82' lang='lat' dir='ltr'><strong>addito</strong></span> <span class='ocrx_word' id='word_1_61' title='bbox 1030 1331 1181 1395; x_wconf 87' lang='lat' dir='ltr'><strong>apparere</strong></span> <span class='ocrx_word' id='word_1_62' title='bbox 1202 1310 1337 1375; x_wconf 73' lang='lat' dir='ltr'><strong>videtin:</strong></span> <span class='ocrx_word' id='word_1_63' title='bbox 1360 1310 1505 1377; x_wconf 88' lang='lat' dir='ltr'><strong>Didcol.</strong></span> <span class='ocrx_word' id='word_1_64' title='bbox 1518 1314 1547 1390; x_wconf 94' lang='grc'><strong>1,</strong></span> <span class='ocrx_word' id='word_1_65' title='bbox 1563 1312 1670 1393; x_wconf 83' lang='lat' dir='ltr'><strong>l3sqq.</strong></span> 
     </span>
     <span class='ocr_line' id='line_1_9' title="bbox 370 1402 1670 1501; baseline -0.003 -24"><span class='ocrx_word' id='word_1_66' title='bbox 370 1410 449 1498; x_wconf 77' lang='grc' dir='ltr'><strong><em>περὶ</em></strong></span> <span class='ocrx_word' id='word_1_67' title='bbox 483 1410 542 1495; x_wconf 78' lang='grc' dir='ltr'><strong><em>μὲν</em></strong></span> <span class='ocrx_word' id='word_1_68' title='bbox 578 1411 638 1499; x_wconf 82' lang='grc' dir='ltr'><strong><em>γὰρ</em></strong></span> <span class='ocrx_word' id='word_1_69' title='bbox 675 1415 734 1501; x_wconf 82' lang='grc' dir='ltr'><strong><em>τῆς</em></strong></span> <span class='ocrx_word' id='word_1_70' title='bbox 770 1406 856 1500; x_wconf 83' lang='grc' dir='ltr'><strong><em>ττρδς</em></strong></span> <span class='ocrx_word' id='word_1_71' title='bbox 888 1409 1002 1500; x_wconf 86' lang='grc' dir='ltr'><strong><em>Ὠρεὸν</em></strong></span> <span class='ocrx_word' id='word_1_72' title='bbox 1038 1410 1207 1501; x_wconf 77' lang='grc' dir='ltr'><strong><em>γενομένης</em></strong></span> <span class='ocrx_word' id='word_1_73' title='bbox 1240 1408 1398 1500; x_wconf 67' lang='grc' dir='ltr'><strong><em>βοηθείας</em></strong></span> <span class='ocrx_word' id='word_1_74' title='bbox 1436 1409 1583 1498; x_wconf 73' lang='grc' dir='ltr'><strong><em>προθεὶς</em></strong></span> <span class='ocrx_word' id='word_1_75' title='bbox 1621 1402 1670 1495; x_wconf 73' lang='grc' dir='ltr'><strong><em>ὅρ-</em></strong></span> 
     </span>
     <span class='ocr_line' id='line_1_10' title="bbox 368 1506 1672 1605; baseline -0.002 -24"><span class='ocrx_word' id='word_1_76' title='bbox 368 1538 465 1596; x_wconf 89' lang='grc' dir='ltr'><strong><em>χοντα</em></strong></span> <span class='ocrx_word' id='word_1_77' title='bbox 486 1513 652 1605; x_wconf 86' lang='grc' dir='ltr'><strong><em>Σωσιγένη</em></strong></span> <span class='ocrx_word' id='word_1_78' title='bbox 674 1514 755 1604; x_wconf 82' lang='grc' dir='ltr'><strong><em>φησί</em></strong></span> <span class='ocrx_word' id='word_1_79' title='bbox 776 1517 1004 1601; x_wconf 82' lang='lat' dir='ltr'><strong>(Philochorus)</strong></span> <span class='ocrx_word' id='word_1_80' title='bbox 1026 1517 1142 1581; x_wconf 81' lang='grc' dir='ltr'><strong><em>ταῦτα·</em></strong></span> <span class='ocrx_word' id='word_1_81' title='bbox 1177 1511 1360 1599; x_wconf 86' lang='grc' dir='ltr'><strong><em>συμμαχίαν</em></strong></span> <span class='ocrx_word' id='word_1_82' title='bbox 1385 1508 1567 1604; x_wconf 72' lang='grc' dir='ltr'><strong><em>Ἀθηναῖοι</em></strong></span> <span class='ocrx_word' id='word_1_83' title='bbox 1588 1506 1672 1599; x_wconf 81' lang='grc' dir='ltr'><strong><em>ττρδς</em></strong></span> 
     </span>
     <span class='ocr_line' id='line_1_11' title="bbox 373 1615 1672 1708; baseline -0.003 -25"><span class='ocrx_word' id='word_1_84' title='bbox 373 1618 550 1697; x_wconf 82' lang='grc' dir='ltr'><strong><em>Χαλκιδεῖς</em></strong></span> <span class='ocrx_word' id='word_1_85' title='bbox 571 1616 769 1708; x_wconf 79' lang='grc' dir='ltr'><strong><em>ἐποιήσαντο</em></strong></span> <span class='ocrx_word' id='word_1_86' title='bbox 792 1618 848 1685; x_wconf 84' lang='grc' dir='ltr'><strong><em>καί</em></strong></span> <span class='ocrx_word' id='word_1_87' title='bbox 870 1617 1095 1707; x_wconf 75' lang='grc' dir='ltr'><strong><em>έλευδέρωσαν</em></strong></span> <span class='ocrx_word' id='word_1_88' title='bbox 1115 1615 1262 1705; x_wconf 78' lang='grc' dir='ltr'><strong><em>Ὠρείτας</em></strong></span> <span class='ocrx_word' id='word_1_89' title='bbox 1282 1617 1365 1703; x_wconf 84' lang='grc' dir='ltr'><strong><em>μετὰ</em></strong></span> <span class='ocrx_word' id='word_1_90' title='bbox 1387 1615 1584 1685; x_wconf 80' lang='grc' dir='ltr'><strong><em>Χαλκιδέων</em></strong></span> <span class='ocrx_word' id='word_1_91' title='bbox 1606 1640 1672 1704; x_wconf 78' lang='grc' dir='ltr'><strong><em>μη·</em></strong></span> 
     </span>
     <span class='ocr_line' id='line_1_12' title="bbox 370 1716 1673 1812; baseline 0 -27"><span class='ocrx_word' id='word_1_92' title='bbox 370 1718 435 1799; x_wconf 91' lang='grc' dir='ltr'><strong><em>νδς</em></strong></span> <span class='ocrx_word' id='word_1_93' title='bbox 463 1724 782 1811; x_wconf 84' lang='grc' dir='ltr'><strong><em>Σκιροφοριῶνος</em></strong></span> <span class='ocrx_word' id='word_1_94' title='bbox 814 1725 1077 1811; x_wconf 80' lang='grc' dir='ltr'><strong><em>Κηφισοφῶντος</em></strong></span> <span class='ocrx_word' id='word_1_95' title='bbox 1100 1725 1368 1812; x_wconf 83' lang='grc' dir='ltr'><strong><em>στρατηγοῦντος,</em></strong></span> <span class='ocrx_word' id='word_1_96' title='bbox 1399 1720 1455 1788; x_wconf 86' lang='grc' dir='ltr'><strong><em>καὶ</em></strong></span> <span class='ocrx_word' id='word_1_97' title='bbox 1481 1716 1673 1805; x_wconf 79' lang='grc' dir='ltr'><strong><em>Φιλιστίδης</em></strong></span> 
     </span>
     <span class='ocr_line' id='line_1_13' title="bbox 370 1815 1674 1914; baseline -0.002 -24"><span class='ocrx_word' id='word_1_98' title='bbox 370 1815 389 1891; x_wconf 85' lang='grc' dir='ltr'><strong><em>δ</em></strong></span> <span class='ocrx_word' id='word_1_99' title='bbox 418 1822 570 1912; x_wconf 80' lang='grc' dir='ltr'><strong><em>τύραννος</em></strong></span> <span class='ocrx_word' id='word_1_100' title='bbox 600 1819 796 1914; x_wconf 75' lang='grc' dir='ltr'><strong><em>ἐτελεύτησε.</em></strong></span> <span class='ocrx_word' id='word_1_101' title='bbox 839 1828 881 1892; x_wconf 93' lang='lat' dir='ltr'><strong><em>In</em></strong></span> <span class='ocrx_word' id='word_1_102' title='bbox 909 1849 958 1910; x_wconf 85' lang='lat' dir='ltr'><strong><em>eu,</em></strong></span> <span class='ocrx_word' id='word_1_103' title='bbox 990 1829 1073 1911; x_wconf 88' lang='lat' dir='ltr'><strong>quod</strong></span> <span class='ocrx_word' id='word_1_104' title='bbox 1102 1834 1136 1893; x_wconf 92' lang='lat' dir='ltr'><strong><em>et</em></strong></span> <span class='ocrx_word' id='word_1_105' title='bbox 1162 1828 1319 1912; x_wconf 84' lang='lat' dir='ltr'><strong>Didymus</strong></span> <span class='ocrx_word' id='word_1_106' title='bbox 1340 1833 1373 1892; x_wconf 87' lang='lat' dir='ltr'><strong><em>et</em></strong></span> <span class='ocrx_word' id='word_1_107' title='bbox 1395 1826 1565 1892; x_wconf 79' lang='lat' dir='ltr'><strong>scholiasta</strong></span> <span class='ocrx_word' id='word_1_108' title='bbox 1597 1825 1674 1888; x_wconf 88' lang='lat' dir='ltr'><strong>alter</strong></span> 
     </span>
     <span class='ocr_line' id='line_1_14' title="bbox 371 1929 1673 2014; baseline -0.001 -21"><span class='ocrx_word' id='word_1_109' title='bbox 371 1930 469 1994; x_wconf 87' lang='lat' dir='ltr'><strong>altero</strong></span> <span class='ocrx_word' id='word_1_110' title='bbox 490 1931 582 2014; x_wconf 89' lang='lat' dir='ltr'><strong>plura</strong></span> <span class='ocrx_word' id='word_1_111' title='bbox 603 1930 709 2012; x_wconf 80' lang='lat' dir='ltr'><strong>affert,</strong></span> <span class='ocrx_word' id='word_1_112' title='bbox 729 1931 808 1995; x_wconf 89' lang='lat' dir='ltr'><strong>nihil</strong></span> <span class='ocrx_word' id='word_1_113' title='bbox 829 1931 1014 1997; x_wconf 83' lang='lat' dir='ltr'><strong>offensionis</strong></span> <span class='ocrx_word' id='word_1_114' title='bbox 1037 1934 1125 1998; x_wconf 88' lang='lat' dir='ltr'><strong>inest.</strong></span> <span class='ocrx_word' id='word_1_115' title='bbox 1145 1932 1184 1997; x_wconf 78' lang='lat' dir='ltr'><strong>ci.</strong></span> <span class='ocrx_word' id='word_1_116' title='bbox 1198 1929 1377 1996; x_wconf 89' lang='lat' dir='ltr'><strong>Philochcri</strong></span> <span class='ocrx_word' id='word_1_117' title='bbox 1391 1930 1482 2013; x_wconf 81' lang='lat' dir='ltr'><strong>trgm.</strong></span> <span class='ocrx_word' id='word_1_118' title='bbox 1499 1931 1570 2009; x_wconf 87' lang='grc'><strong>135,</strong></span> <span class='ocrx_word' id='word_1_119' title='bbox 1592 1929 1673 2011; x_wconf 89' lang='lat' dir='ltr'><strong>quod</strong></span> 
     </span>
     <span class='ocr_line' id='line_1_15' title="bbox 370 2031 1672 2120; baseline -0.002 -22"><span class='ocrx_word' id='word_1_120' title='bbox 370 2037 403 2098; x_wconf 89' lang='lat' dir='ltr'><strong><em>et</em></strong></span> <span class='ocrx_word' id='word_1_121' title='bbox 431 2032 516 2116; x_wconf 91' lang='lat' dir='ltr'><strong>apud</strong></span> <span class='ocrx_word' id='word_1_122' title='bbox 543 2033 716 2119; x_wconf 87' lang='lat' dir='ltr'><strong>Didymum</strong></span> <span class='ocrx_word' id='word_1_123' title='bbox 746 2035 802 2099; x_wconf 89' lang='lat' dir='ltr'><strong>col.</strong></span> <span class='ocrx_word' id='word_1_124' title='bbox 826 2038 874 2117; x_wconf 87' lang='grc'><strong><em>11,</em></strong></span> <span class='ocrx_word' id='word_1_125' title='bbox 896 2036 939 2101; x_wconf 88' lang='grc'><strong><em>40</em></strong></span> <span class='ocrx_word' id='word_1_126' title='bbox 961 2057 1025 2119; x_wconf 90' lang='lat' dir='ltr'><strong>sqq.</strong></span> <span class='ocrx_word' id='word_1_127' title='bbox 1053 2041 1086 2101; x_wconf 90' lang='lat' dir='ltr'><strong><em>et</em></strong></span> <span class='ocrx_word' id='word_1_128' title='bbox 1107 2035 1191 2120; x_wconf 92' lang='lat' dir='ltr'><strong>apud</strong></span> <span class='ocrx_word' id='word_1_129' title='bbox 1213 2034 1401 2119; x_wconf 91' lang='lat' dir='ltr'><strong>Dionysium</strong></span> <span class='ocrx_word' id='word_1_130' title='bbox 1423 2036 1482 2117; x_wconf 82' lang='lat' dir='ltr'><strong>(cp.</strong></span> <span class='ocrx_word' id='word_1_131' title='bbox 1505 2032 1547 2097; x_wconf 89' lang='lat' dir='ltr'><strong><em>ad</em></strong></span> <span class='ocrx_word' id='word_1_132' title='bbox 1567 2031 1672 2095; x_wconf 89' lang='lat' dir='ltr'><strong><em>Amm</em></strong></span> 
     </span>
     <span class='ocr_line' id='line_1_16' title="bbox 372 2134 1673 2220; baseline -0.002 -21"><span class='ocrx_word' id='word_1_133' title='bbox 372 2136 399 2217; x_wconf 91' lang='lat'><strong><em>1,</em></strong></span> <span class='ocrx_word' id='word_1_134' title='bbox 423 2138 461 2201; x_wconf 94' lang='grc'><strong><em>11</em></strong></span> <span class='ocrx_word' id='word_1_135' title='bbox 484 2158 514 2220; x_wconf 86' lang='lat' dir='ltr'><strong><em>p.</em></strong></span> <span class='ocrx_word' id='word_1_136' title='bbox 537 2139 610 2219; x_wconf 84' lang='grc'><strong>741)</strong></span> <span class='ocrx_word' id='word_1_137' title='bbox 641 2143 857 2204; x_wconf 83' lang='lat' dir='ltr'><strong>conservatum</strong></span> <span class='ocrx_word' id='word_1_138' title='bbox 883 2144 940 2204; x_wconf 83' lang='lat' dir='ltr'><strong>est</strong></span> <span class='ocrx_word' id='word_1_139' title='bbox 981 2137 1088 2204; x_wconf 87' lang='lat' dir='ltr'><strong>Multo</strong></span> <span class='ocrx_word' id='word_1_140' title='bbox 1116 2140 1230 2203; x_wconf 90' lang='lat' dir='ltr'><strong>certius</strong></span> <span class='ocrx_word' id='word_1_141' title='bbox 1255 2138 1295 2203; x_wconf 92' lang='lat' dir='ltr'><strong><em>de</em></strong></span> <span class='ocrx_word' id='word_1_142' title='bbox 1317 2137 1378 2201; x_wconf 87' lang='lat' dir='ltr'><strong>alio</strong></span> <span class='ocrx_word' id='word_1_143' title='bbox 1400 2136 1536 2218; x_wconf 90' lang='lat' dir='ltr'><strong>quodam</strong></span> <span class='ocrx_word' id='word_1_144' title='bbox 1558 2134 1673 2199; x_wconf 91' lang='lat' dir='ltr'><strong>scholio</strong></span> 
     </span>
     <span class='ocr_line' id='line_1_17' title="bbox 370 2237 1673 2326; baseline -0.002 -23"><span class='ocrx_word' id='word_1_145' title='bbox 370 2238 548 2306; x_wconf 89' lang='lat' dir='ltr'><strong>Aeschineo</strong></span> <span class='ocrx_word' id='word_1_146' title='bbox 578 2241 708 2307; x_wconf 90' lang='lat' dir='ltr'><strong>iudicari</strong></span> <span class='ocrx_word' id='word_1_147' title='bbox 733 2247 846 2326; x_wconf 83' lang='lat' dir='ltr'><strong>potest</strong></span> <span class='ocrx_word' id='word_1_148' title='bbox 887 2241 996 2308; x_wconf 91' lang='lat' dir='ltr'><strong>Multa</strong></span> <span class='ocrx_word' id='word_1_149' title='bbox 1015 2244 1099 2308; x_wconf 87' lang='lat' dir='ltr'><strong>enim</strong></span> <span class='ocrx_word' id='word_1_150' title='bbox 1120 2242 1187 2307; x_wconf 77' lang='lat' dir='ltr'><strong>iera</strong></span> <span class='ocrx_word' id='word_1_151' title='bbox 1208 2240 1301 2307; x_wconf 87' lang='lat' dir='ltr'><strong>verbo</strong></span> <span class='ocrx_word' id='word_1_152' title='bbox 1323 2246 1415 2305; x_wconf 86' lang='lat' dir='ltr'><strong>tenus</strong></span> <span class='ocrx_word' id='word_1_153' title='bbox 1436 2238 1521 2324; x_wconf 91' lang='lat' dir='ltr'><strong>apud</strong></span> <span class='ocrx_word' id='word_1_154' title='bbox 1543 2237 1673 2303; x_wconf 90' lang='lat' dir='ltr'><strong>scholia·</strong></span> 
     </span>
    </p>
   </div>
   <div class='ocr_carea' id='block_1_3' title="bbox 371 2346 1568 2532">
    <p class='ocr_par' dir='ltr' id='par_1_3' title="bbox 371 2346 1568 2532">
     <span class='ocr_line' id='line_1_18' title="bbox 371 2346 807 2428; baseline 0.007 -21"><span class='ocrx_word' id='word_1_155' title='bbox 371 2347 453 2407; x_wconf 89' lang='lat' dir='ltr'><strong>stam</strong></span> <span class='ocrx_word' id='word_1_156' title='bbox 473 2346 608 2428; x_wconf 87' lang='lat' dir='ltr'><strong>repetita</strong></span> <span class='ocrx_word' id='word_1_157' title='bbox 629 2351 807 2410; x_wconf 89' lang='lat' dir='ltr'><strong>occurrunt:</strong></span> 
     </span>
     <span class='ocr_line' id='line_1_19' title="bbox 445 2445 1568 2532; baseline -0.001 -21"><span class='ocrx_word' id='word_1_158' title='bbox 445 2445 586 2514; x_wconf 91' lang='lat' dir='ltr'><strong>Philoch.</strong></span> <span class='ocrx_word' id='word_1_159' title='bbox 608 2449 694 2532; x_wconf 84' lang='lat' dir='ltr'><strong>(Did.</strong></span> <span class='ocrx_word' id='word_1_160' title='bbox 719 2453 746 2530; x_wconf 85' lang='lat'><strong><em>1,</em></strong></span> <span class='ocrx_word' id='word_1_161' title='bbox 771 2453 809 2513; x_wconf 87' lang='grc'><strong><em>19</em></strong></span> <span class='ocrx_word' id='word_1_162' title='bbox 832 2453 917 2532; x_wconf 67' lang='grc' dir='ltr'><strong><em>εφη).</em></strong></span> <span class='ocrx_word' id='word_1_163' title='bbox 1160 2448 1254 2514; x_wconf 90' lang='lat' dir='ltr'><strong>schol.</strong></span> <span class='ocrx_word' id='word_1_164' title='bbox 1276 2447 1393 2513; x_wconf 90' lang='lat' dir='ltr'><strong>Aeseh.</strong></span> <span class='ocrx_word' id='word_1_165' title='bbox 1416 2447 1473 2511; x_wconf 86' lang='grc' dir='ltr'><strong><em>ΠΙ</em></strong></span> <span class='ocrx_word' id='word_1_166' title='bbox 1497 2451 1568 2514; x_wconf 87' lang='grc'><strong>103.</strong></span> 
     </span>
    </p>
   </div>
   <div class='ocr_carea' id='block_1_4' title="bbox 365 2542 1676 4182">
    <p class='ocr_par' dir='ltr' id='par_1_4' title="bbox 368 2542 1674 3667">
     <span class='ocr_line' id='line_1_20' title="bbox 415 2542 1673 2637; baseline -0.002 -22"><span class='ocrx_word' id='word_1_167' title='bbox 415 2547 487 2615; x_wconf 79' lang='grc' dir='ltr'><strong><em>εἰτί</em></strong></span> <span class='ocrx_word' id='word_1_168' title='bbox 510 2547 652 2618; x_wconf 85' lang='grc' dir='ltr'><strong><em>τούτου</em></strong></span> <span class='ocrx_word' id='word_1_169' title='bbox 674 2548 1023 2636; x_wconf 76' lang='grc' dir='ltr'><strong><em>(εοΝικομοίχου),</em></strong></span> <span class='ocrx_word' id='word_1_170' title='bbox 1096 2544 1155 2617; x_wconf 79' lang='grc' dir='ltr'><strong><em>ἐπ’</em></strong></span> <span class='ocrx_word' id='word_1_171' title='bbox 1206 2542 1395 2637; x_wconf 82' lang='grc' dir='ltr'><strong><em>δίρχοντος</em></strong></span> <span class='ocrx_word' id='word_1_172' title='bbox 1444 2543 1673 2632; x_wconf 80' lang='grc' dir='ltr'><strong><em>Νικομάχου</em></strong></span> 
     </span>
     <span class='ocr_line' id='line_1_21' title="bbox 372 2645 1673 2741; baseline -0.001 -24"><span class='ocrx_word' id='word_1_173' title='bbox 372 2647 404 2717; x_wconf 84' lang='lat' dir='ltr'><strong>oi</strong></span> <span class='ocrx_word' id='word_1_174' title='bbox 430 2645 610 2741; x_wconf 74' lang='grc' dir='ltr'><strong><em>Ἀθηναῖοι</em></strong></span> <span class='ocrx_word' id='word_1_175' title='bbox 643 2651 798 2741; x_wconf 67' lang='grc' dir='ltr'><strong><em>διέβησαν</em></strong></span> <span class='ocrx_word' id='word_1_176' title='bbox 830 2647 878 2732; x_wconf 79' lang='grc' dir='ltr'><strong><em>εἰς</em></strong></span> <span class='ocrx_word' id='word_1_177' title='bbox 901 2647 991 2737; x_wconf 82' lang='grc' dir='ltr'><strong><em>Ἐρέ-</em></strong></span> <span class='ocrx_word' id='word_1_178' title='bbox 1057 2650 1235 2720; x_wconf 77' lang='grc' dir='ltr'><strong><em>Φιλίττττοο</em></strong></span> <span class='ocrx_word' id='word_1_179' title='bbox 1267 2650 1500 2737; x_wconf 78' lang='grc' dir='ltr'><strong><em>βασιλείοντσς</em></strong></span> <span class='ocrx_word' id='word_1_180' title='bbox 1532 2646 1607 2730; x_wconf 71' lang='grc' dir='ltr'><strong><em>ἔτος</em></strong></span> <span class='ocrx_word' id='word_1_181' title='bbox 1633 2646 1673 2716; x_wconf 82' lang='grc' dir='ltr'><strong><em>εί-</em></strong></span> 
     </span>
     <span class='ocr_line' id='line_1_22' title="bbox 371 2750 1674 2845; baseline 0 -26"><span class='ocrx_word' id='word_1_182' title='bbox 371 2779 462 2841; x_wconf 91' lang='grc' dir='ltr'><strong><em>τριαυ</em></strong></span> <span class='ocrx_word' id='word_1_183' title='bbox 493 2752 701 2835; x_wconf 85' lang='grc' dir='ltr'><strong><em>Φωκίωνος</em></strong></span> <span class='ocrx_word' id='word_1_184' title='bbox 733 2759 990 2845; x_wconf 82' lang='grc' dir='ltr'><strong><em>στρατηγοῶν-</em></strong></span> <span class='ocrx_word' id='word_1_185' title='bbox 1053 2750 1674 2844; x_wconf 72' lang='grc' dir='ltr'><strong><em>κοστδνἈθηναῖοιστρατεύσαντεςεῖς</em></strong></span> 
     </span>
     <span class='ocr_line' id='line_1_23' title="bbox 370 2852 1672 2948; baseline 0 -26"><span class='ocrx_word' id='word_1_186' title='bbox 370 2882 436 2937; x_wconf 93' lang='grc' dir='ltr'><strong><em>τος</em></strong></span> <span class='ocrx_word' id='word_1_187' title='bbox 472 2856 528 2925; x_wconf 82' lang='grc' dir='ltr'><strong><em>καὶ</em></strong></span> <span class='ocrx_word' id='word_1_188' title='bbox 563 2857 757 2940; x_wconf 82' lang='grc' dir='ltr'><strong><em>κατάξοντες</em></strong></span> <span class='ocrx_word' id='word_1_189' title='bbox 792 2853 850 2924; x_wconf 88' lang='grc' dir='ltr'><strong><em>τδν</em></strong></span> <span class='ocrx_word' id='word_1_190' title='bbox 887 2861 990 2948; x_wconf 86' lang='grc' dir='ltr'><strong><em>δῆμον</em></strong></span> <span class='ocrx_word' id='word_1_191' title='bbox 1053 2852 1198 2943; x_wconf 67' lang='lat' dir='ltr'><strong>Etcum</strong></span> <span class='ocrx_word' id='word_1_192' title='bbox 1244 2854 1460 2937; x_wconf 84' lang='grc' dir='ltr'><strong><em>Φωκίωνος</em></strong></span> <span class='ocrx_word' id='word_1_193' title='bbox 1503 2882 1672 2947; x_wconf 86' lang='grc' dir='ltr'><strong><em>στρατη-</em></strong></span> 
     </span>
     <span class='ocr_line' id='line_1_24' title="bbox 369 2953 1673 3048; baseline -0.001 -21"><span class='ocrx_word' id='word_1_194' title='bbox 369 2959 584 3048; x_wconf 79' lang='grc' dir='ltr'><strong><em>έττολιόρκοον</em></strong></span> <span class='ocrx_word' id='word_1_195' title='bbox 606 2957 811 3048; x_wconf 86' lang='grc' dir='ltr'><strong><em>Κλείταρχον,</em></strong></span> <span class='ocrx_word' id='word_1_196' title='bbox 843 2953 881 3040; x_wconf 77' lang='grc' dir='ltr'><strong><em>ὃς</em></strong></span> <span class='ocrx_word' id='word_1_197' title='bbox 909 2958 990 3047; x_wconf 79' lang='grc' dir='ltr'><strong><em>πρό-</em></strong></span> <span class='ocrx_word' id='word_1_198' title='bbox 1052 2964 1215 3048; x_wconf 82' lang='grc' dir='ltr'><strong><em>γοῦντος</em></strong></span> <span class='ocrx_word' id='word_1_199' title='bbox 1251 2955 1306 3028; x_wconf 90' lang='grc' dir='ltr'><strong><em>τόν</em></strong></span> <span class='ocrx_word' id='word_1_200' title='bbox 1343 2984 1377 3027; x_wconf 88' lang='grc' dir='ltr'><strong><em>τε</em></strong></span> <span class='ocrx_word' id='word_1_201' title='bbox 1420 2959 1571 3048; x_wconf 76' lang='grc' dir='ltr'><strong><em>τύραννον</em></strong></span> <span class='ocrx_word' id='word_1_202' title='bbox 1612 2966 1673 3026; x_wconf 89' lang='grc' dir='ltr'><strong><em>τῶν</em></strong></span> 
     </span>
     <span class='ocr_line' id='line_1_25' title="bbox 369 3054 1673 3154; baseline -0.002 -25"><span class='ocrx_word' id='word_1_203' title='bbox 369 3087 461 3150; x_wconf 89' lang='grc' dir='ltr'><strong><em>τερον</em></strong></span> <span class='ocrx_word' id='word_1_204' title='bbox 482 3062 542 3147; x_wconf 84' lang='grc' dir='ltr'><strong><em>μέν</em></strong></span> <span class='ocrx_word' id='word_1_205' title='bbox 556 3058 813 3153; x_wconf 77' lang='grc' dir='ltr'><strong><em>ἀντιστασιώτης</em></strong></span> <span class='ocrx_word' id='word_1_206' title='bbox 829 3054 868 3154; x_wconf 79' lang='grc' dir='ltr'><strong><em>ἧν</em></strong></span> <span class='ocrx_word' id='word_1_207' title='bbox 882 3066 990 3131; x_wconf 91' lang='grc' dir='ltr'><strong><em>Πλου-</em></strong></span> <span class='ocrx_word' id='word_1_208' title='bbox 1048 3057 1236 3152; x_wconf 83' lang='grc' dir='ltr'><strong><em>Ἐρετριέων</em></strong></span> <span class='ocrx_word' id='word_1_209' title='bbox 1258 3061 1455 3150; x_wconf 82' lang='grc' dir='ltr'><strong><em>Κλείταρχον</em></strong></span> <span class='ocrx_word' id='word_1_210' title='bbox 1476 3060 1673 3131; x_wconf 74' lang='grc' dir='ltr'><strong><em>ἀπέκτειναν</em></strong></span> 
     </span>
     <span class='ocr_line' id='line_1_26' title="bbox 369 3154 1673 3257; baseline -0.001 -25"><span class='ocrx_word' id='word_1_211' title='bbox 369 3163 488 3253; x_wconf 87' lang='grc' dir='ltr'><strong><em>τοίρχου</em></strong></span> <span class='ocrx_word' id='word_1_212' title='bbox 523 3165 580 3233; x_wconf 85' lang='grc' dir='ltr'><strong><em>καί</em></strong></span> <span class='ocrx_word' id='word_1_213' title='bbox 622 3164 866 3233; x_wconf 84' lang='grc' dir='ltr'><strong><em>διεττολιτεύετο</em></strong></span> <span class='ocrx_word' id='word_1_214' title='bbox 903 3164 991 3254; x_wconf 82' lang='grc' dir='ltr'><strong><em>ττρδς</em></strong></span> <span class='ocrx_word' id='word_1_215' title='bbox 1052 3166 1109 3234; x_wconf 83' lang='grc' dir='ltr'><strong><em>καί</em></strong></span> <span class='ocrx_word' id='word_1_216' title='bbox 1139 3164 1208 3257; x_wconf 77' lang='grc' dir='ltr'><strong><em>τὴν</em></strong></span> <span class='ocrx_word' id='word_1_217' title='bbox 1240 3164 1365 3235; x_wconf 78' lang='grc' dir='ltr'><strong><em>πόλιν</em></strong></span> <span class='ocrx_word' id='word_1_218' title='bbox 1396 3172 1481 3245; x_wconf 90' lang='grc' dir='ltr'><strong><em>τοῖς</em></strong></span> <span class='ocrx_word' id='word_1_219' title='bbox 1503 3154 1673 3253; x_wconf 54' lang='grc' dir='ltr'><strong><em>Ἐρετριὲ</em></strong></span> 
     </span>
     <span class='ocr_line' id='line_1_27' title="bbox 369 3264 1674 3359; baseline -0.001 -24"><span class='ocrx_word' id='word_1_220' title='bbox 369 3264 478 3349; x_wconf 81' lang='grc' dir='ltr'><strong><em>αὐτὸν,</em></strong></span> <span class='ocrx_word' id='word_1_221' title='bbox 502 3264 625 3336; x_wconf 77' lang='grc' dir='ltr'><strong><em>ἐκείνου</em></strong></span> <span class='ocrx_word' id='word_1_222' title='bbox 647 3266 676 3334; x_wconf 74' lang='grc' dir='ltr'><strong><em>δ’</em></strong></span> <span class='ocrx_word' id='word_1_223' title='bbox 701 3265 898 3350; x_wconf 79' lang='grc' dir='ltr'><strong><em>ἐκπεσόντος</em></strong></span> <span class='ocrx_word' id='word_1_224' title='bbox 924 3269 990 3336; x_wconf 77' lang='grc' dir='ltr'><strong><em>ε’τυ-</em></strong></span> <span class='ocrx_word' id='word_1_225' title='bbox 1052 3273 1139 3337; x_wconf 75' lang='lat' dir='ltr'><strong>erius</strong></span> <span class='ocrx_word' id='word_1_226' title='bbox 1173 3269 1411 3359; x_wconf 81' lang='grc' dir='ltr'><strong><em>παρέδωκαν</em></strong></span> <span class='ocrx_word' id='word_1_227' title='bbox 1432 3268 1489 3337; x_wconf 84' lang='grc' dir='ltr'><strong><em>καί</em></strong></span> <span class='ocrx_word' id='word_1_228' title='bbox 1512 3271 1674 3359; x_wconf 90' lang='grc' dir='ltr'><strong><em>δημοκρα-</em></strong></span> 
     </span>
     <span class='ocr_line' id='line_1_28' title="bbox 369 3365 1357 3462; baseline 0.001 -24"><span class='ocrx_word' id='word_1_229' title='bbox 369 3370 512 3460; x_wconf 87' lang='grc' dir='ltr'><strong><em>ροίννησε.</em></strong></span> <span class='ocrx_word' id='word_1_230' title='bbox 547 3368 621 3439; x_wconf 90' lang='grc' dir='ltr'><strong><em>τότε</em></strong></span> <span class='ocrx_word' id='word_1_231' title='bbox 653 3365 682 3438; x_wconf 83' lang='grc' dir='ltr'><strong><em>δ</em></strong></span> <span class='ocrx_word' id='word_1_232' title='bbox 713 3369 990 3461; x_wconf 78' lang='grc' dir='ltr'><strong><em>ι’κτιολιορκήσαν-</em></strong></span> <span class='ocrx_word' id='word_1_233' title='bbox 1052 3368 1126 3439; x_wconf 89' lang='grc' dir='ltr'><strong><em>τίαν</em></strong></span> <span class='ocrx_word' id='word_1_234' title='bbox 1147 3372 1357 3462; x_wconf 86' lang='grc' dir='ltr'><strong><em>κατέστησαν.</em></strong></span> 
     </span>
     <span class='ocr_line' id='line_1_29' title="bbox 369 3469 989 3563; baseline 0 -23"><span class='ocrx_word' id='word_1_235' title='bbox 369 3498 423 3553; x_wconf 86' lang='grc' dir='ltr'><strong><em>τες</em></strong></span> <span class='ocrx_word' id='word_1_236' title='bbox 446 3470 547 3541; x_wconf 73' lang='grc' dir='ltr'><strong><em>αι’τδν</em></strong></span> <span class='ocrx_word' id='word_1_237' title='bbox 564 3469 743 3563; x_wconf 77' lang='grc' dir='ltr'><strong><em>Ἀθηναῖοι</em></strong></span> <span class='ocrx_word' id='word_1_238' title='bbox 767 3478 837 3540; x_wconf 93' lang='grc' dir='ltr'><strong><em>τῶι</em></strong></span> <span class='ocrx_word' id='word_1_239' title='bbox 859 3470 989 3563; x_wconf 85' lang='grc' dir='ltr'><strong><em>δήμωι</em></strong></span> 
     </span>
     <span class='ocr_line' id='line_1_30' title="bbox 368 3568 824 3667; baseline 0.004 -25"><span class='ocrx_word' id='word_1_240' title='bbox 368 3575 435 3667; x_wconf 78' lang='grc' dir='ltr'><strong><em>τὴν</em></strong></span> <span class='ocrx_word' id='word_1_241' title='bbox 458 3568 578 3644; x_wconf 78' lang='grc' dir='ltr'><strong><em>πόλιν</em></strong></span> <span class='ocrx_word' id='word_1_242' title='bbox 600 3568 824 3645; x_wconf 79' lang='grc' dir='ltr'><strong><em>α’ττέδωκοιν.</em></strong></span> 
     </span>
    </p>

    <p class='ocr_par' dir='ltr' id='par_1_5' title="bbox 365 3681 1676 4182">
     <span class='ocr_line' id='line_1_31' title="bbox 455 3681 1675 3768; baseline 0.001 -20"><span class='ocrx_word' id='word_1_243' title='bbox 455 3681 536 3748; x_wconf 85' lang='lat' dir='ltr'><strong><em>Oum</em></strong></span> <span class='ocrx_word' id='word_1_244' title='bbox 559 3688 591 3747; x_wconf 88' lang='lat' dir='ltr'><strong><em>et</em></strong></span> <span class='ocrx_word' id='word_1_245' title='bbox 612 3682 672 3748; x_wconf 90' lang='lat' dir='ltr'><strong><em>hoc</em></strong></span> <span class='ocrx_word' id='word_1_246' title='bbox 693 3684 832 3748; x_wconf 82' lang='lat' dir='ltr'><strong>scholion</strong></span> <span class='ocrx_word' id='word_1_247' title='bbox 853 3690 886 3748; x_wconf 90' lang='lat' dir='ltr'><strong><em>et</em></strong></span> <span class='ocrx_word' id='word_1_248' title='bbox 908 3683 1002 3749; x_wconf 91' lang='lat' dir='ltr'><strong>schol.</strong></span> <span class='ocrx_word' id='word_1_249' title='bbox 1026 3684 1068 3749; x_wconf 85' lang='lat' dir='ltr'><strong><em>ad</em></strong></span> <span class='ocrx_word' id='word_1_250' title='bbox 1089 3684 1205 3749; x_wconf 88' lang='lat' dir='ltr'><strong>Aesoh</strong></span> <span class='ocrx_word' id='word_1_251' title='bbox 1221 3687 1250 3763; x_wconf 88' lang='grc'><strong><em>3,</em></strong></span> <span class='ocrx_word' id='word_1_252' title='bbox 1265 3686 1306 3749; x_wconf 87' lang='lat'><strong><em>85</em></strong></span> <span class='ocrx_word' id='word_1_253' title='bbox 1328 3686 1498 3768; x_wconf 90' lang='lat' dir='ltr'><strong>ascriptum</strong></span> <span class='ocrx_word' id='word_1_254' title='bbox 1512 3705 1551 3749; x_wconf 86' lang='lat' dir='ltr'><strong><em>ex</em></strong></span> <span class='ocrx_word' id='word_1_255' title='bbox 1565 3684 1675 3749; x_wconf 92' lang='lat' dir='ltr'><strong>Philo-</strong></span> 
     </span>
     <span class='ocr_line' id='line_1_32' title="bbox 368 3784 1675 3868; baseline 0.001 -18"><span class='ocrx_word' id='word_1_256' title='bbox 368 3784 453 3850; x_wconf 89' lang='lat' dir='ltr'><strong>chori</strong></span> <span class='ocrx_word' id='word_1_257' title='bbox 486 3785 651 3850; x_wconf 89' lang='lat' dir='ltr'><strong>annalibus</strong></span> <span class='ocrx_word' id='word_1_258' title='bbox 683 3786 770 3851; x_wconf 91' lang='lat' dir='ltr'><strong>libris</strong></span> <span class='ocrx_word' id='word_1_259' title='bbox 797 3787 927 3852; x_wconf 83' lang='lat' dir='ltr'><strong>fluxisse</strong></span> <span class='ocrx_word' id='word_1_260' title='bbox 958 3787 1134 3866; x_wconf 74' lang='lat' dir='ltr'><strong>videantur,</strong></span> <span class='ocrx_word' id='word_1_261' title='bbox 1167 3788 1263 3851; x_wconf 89' lang='lat' dir='ltr'><strong>etiam</strong></span> <span class='ocrx_word' id='word_1_262' title='bbox 1284 3786 1378 3851; x_wconf 91' lang='lat' dir='ltr'><strong>schol.</strong></span> <span class='ocrx_word' id='word_1_263' title='bbox 1400 3787 1442 3852; x_wconf 89' lang='lat' dir='ltr'><strong><em>ad</em></strong></span> <span class='ocrx_word' id='word_1_264' title='bbox 1463 3790 1492 3868; x_wconf 90' lang='grc'><strong><em>3,</em></strong></span> <span class='ocrx_word' id='word_1_265' title='bbox 1515 3790 1556 3852; x_wconf 92' lang='grc'><strong><em>83</em></strong></span> <span class='ocrx_word' id='word_1_266' title='bbox 1580 3789 1675 3852; x_wconf 91' lang='lat' dir='ltr'><strong>simili</strong></span> 
     </span>
     <span class='ocr_line' id='line_1_33' title="bbox 366 3888 1675 3974; baseline 0.003 -24"><span class='ocrx_word' id='word_1_267' title='bbox 366 3888 458 3953; x_wconf 91' lang='lat' dir='ltr'><strong>modo</strong></span> <span class='ocrx_word' id='word_1_268' title='bbox 487 3889 622 3953; x_wconf 90' lang='lat' dir='ltr'><strong>instituti</strong></span> <span class='ocrx_word' id='word_1_269' title='bbox 651 3889 871 3954; x_wconf 92' lang='lat' dir='ltr'><strong>Philochorum</strong></span> <span class='ocrx_word' id='word_1_270' title='bbox 900 3896 1058 3955; x_wconf 83' lang='lat' dir='ltr'><strong>auctorem</strong></span> <span class='ocrx_word' id='word_1_271' title='bbox 1087 3890 1184 3956; x_wconf 81' lang='lat' dir='ltr'><strong>fuisse</strong></span> <span class='ocrx_word' id='word_1_272' title='bbox 1210 3891 1376 3955; x_wconf 88' lang='lat' dir='ltr'><strong>verisimile</strong></span> <span class='ocrx_word' id='word_1_273' title='bbox 1402 3894 1487 3972; x_wconf 66' lang='lat' dir='ltr'><strong>esto.</strong></span> <span class='ocrx_word' id='word_1_274' title='bbox 1532 3889 1625 3974; x_wconf 78' lang='lat' dir='ltr'><strong>Quae</strong></span> <span class='ocrx_word' id='word_1_275' title='bbox 1650 3893 1675 3955; x_wconf 93' lang='lat' dir='ltr'><strong><em>si</em></strong></span> 
     </span>
     <span class='ocr_line' id='line_1_34' title="bbox 365 3990 1676 4077; baseline 0.002 -22"><span class='ocrx_word' id='word_1_276' title='bbox 365 3990 411 4055; x_wconf 89' lang='lat' dir='ltr'><strong>ita</strong></span> <span class='ocrx_word' id='word_1_277' title='bbox 432 3997 544 4073; x_wconf 85' lang='lat' dir='ltr'><strong>essent,</strong></span> <span class='ocrx_word' id='word_1_278' title='bbox 565 3991 605 4058; x_wconf 87' lang='lat' dir='ltr'><strong><em>de</em></strong></span> <span class='ocrx_word' id='word_1_279' title='bbox 626 3991 721 4057; x_wconf 90' lang='lat' dir='ltr'><strong>rebus</strong></span> <span class='ocrx_word' id='word_1_280' title='bbox 742 3994 775 4057; x_wconf 92' lang='lat' dir='ltr'><strong>in</strong></span> <span class='ocrx_word' id='word_1_281' title='bbox 797 3992 913 4058; x_wconf 89' lang='lat' dir='ltr'><strong>scholio</strong></span> <span class='ocrx_word' id='word_1_282' title='bbox 934 3995 1070 4058; x_wconf 86' lang='lat' dir='ltr'><strong>narratis</strong></span> <span class='ocrx_word' id='word_1_283' title='bbox 1091 4015 1131 4058; x_wconf 94' lang='lat' dir='ltr'><strong><em>ne</em></strong></span> <span class='ocrx_word' id='word_1_284' title='bbox 1152 3992 1289 4058; x_wconf 87' lang='lat' dir='ltr'><strong>dubitari</strong></span> <span class='ocrx_word' id='word_1_285' title='bbox 1308 3993 1432 4077; x_wconf 89' lang='lat' dir='ltr'><strong>quidem</strong></span> <span class='ocrx_word' id='word_1_286' title='bbox 1447 3994 1563 4059; x_wconf 87' lang='lat' dir='ltr'><strong>liceret.</strong></span> <span class='ocrx_word' id='word_1_287' title='bbox 1609 3992 1676 4059; x_wconf 85' lang='lat' dir='ltr'><strong><em>Sed</em></strong></span> 
     </span>
     <span class='ocr_line' id='line_1_35' title="bbox 365 4095 1675 4182; baseline 0.002 -23"><span class='ocrx_word' id='word_1_288' title='bbox 365 4115 558 4177; x_wconf 88' lang='lat' dir='ltr'><strong>quocumque</strong></span> <span class='ocrx_word' id='word_1_289' title='bbox 592 4095 683 4160; x_wconf 91' lang='lat' dir='ltr'><strong>modo</strong></span> <span class='ocrx_word' id='word_1_290' title='bbox 715 4117 765 4160; x_wconf 93' lang='lat' dir='ltr'><strong>res</strong></span> <span class='ocrx_word' id='word_1_291' title='bbox 798 4118 831 4161; x_wconf 89' lang='lat' dir='ltr'><strong>se</strong></span> <span class='ocrx_word' id='word_1_292' title='bbox 862 4095 971 4178; x_wconf 86' lang='lat' dir='ltr'><strong>hahet,</strong></span> <span class='ocrx_word' id='word_1_293' title='bbox 1004 4103 1232 4181; x_wconf 87' lang='lat' dir='ltr'><strong>peropportune</strong></span> <span class='ocrx_word' id='word_1_294' title='bbox 1261 4097 1382 4179; x_wconf 72' lang='lat' dir='ltr'><strong>accidit,</strong></span> <span class='ocrx_word' id='word_1_295' title='bbox 1404 4104 1440 4162; x_wconf 87' lang='lat' dir='ltr'><strong><em>ut</em></strong></span> <span class='ocrx_word' id='word_1_296' title='bbox 1461 4097 1539 4162; x_wconf 94' lang='lat' dir='ltr'><strong>illud</strong></span> <span class='ocrx_word' id='word_1_297' title='bbox 1560 4097 1675 4182; x_wconf 86' lang='lat' dir='ltr'><strong>ipsum,</strong></span> 
     </span>
    </p>
   </div>
   <div class='ocr_carea' id='block_1_5' title="bbox 365 4196 1676 4287">
    <p class='ocr_par' dir='ltr' id='par_1_6' title="bbox 365 4196 1676 4287">
     <span class='ocr_line' id='line_1_36' title="bbox 365 4196 1676 4287; baseline 0.004 -25"><span class='ocrx_word' id='word_1_298' title='bbox 365 4198 448 4281; x_wconf 92' lang='lat' dir='ltr'><strong>quod</strong></span> <span class='ocrx_word' id='word_1_299' title='bbox 471 4196 660 4265; x_wconf 84' lang='lat' dir='ltr'><strong>Schaefcrus</strong></span> <span class='ocrx_word' id='word_1_300' title='bbox 682 4206 779 4282; x_wconf 84' lang='lat' dir='ltr'><strong>negat</strong></span> <span class='ocrx_word' id='word_1_301' title='bbox 800 4221 882 4265; x_wconf 94' lang='lat' dir='ltr'><strong>anno</strong></span> <span class='ocrx_word' id='word_1_302' title='bbox 905 4200 999 4287; x_wconf 78' lang='lat'><em>34312</em></span> <span class='ocrx_word' id='word_1_303' title='bbox 1022 4200 1234 4266; x_wconf 81' lang='lat' dir='ltr'><strong>Athenienses</strong></span> <span class='ocrx_word' id='word_1_304' title='bbox 1256 4223 1327 4266; x_wconf 92' lang='lat' dir='ltr'><strong><em>cum</em></strong></span> <span class='ocrx_word' id='word_1_305' title='bbox 1347 4200 1586 4286; x_wconf 87' lang='lat' dir='ltr'><strong>Peloponnesiis</strong></span> <span class='ocrx_word' id='word_1_306' title='bbox 1607 4202 1676 4267; x_wconf 79' lang='lat' dir='ltr'><strong>foe·</strong></span> 
     </span>
    </p>
   </div>
   <div class='ocr_carea' id='block_1_6' title="bbox 361 4483 1678 4999">
    <p class='ocr_par' dir='ltr' id='par_1_7' title="bbox 361 4483 1678 4999">
     <span class='ocr_line' id='line_1_37' title="bbox 452 4483 1677 4562; baseline 0.007 -25"><span class='ocrx_word' id='word_1_307' title='bbox 452 4484 478 4553; x_wconf 88' lang='lat'><strong><em>1)</em></strong></span> <span class='ocrx_word' id='word_1_308' title='bbox 499 4483 698 4557; x_wconf 84' lang='lat' dir='ltr'><strong>Olympiadum</strong></span> <span class='ocrx_word' id='word_1_309' title='bbox 717 4487 855 4541; x_wconf 88' lang='lat' dir='ltr'><strong>rationem</strong></span> <span class='ocrx_word' id='word_1_310' title='bbox 875 4505 891 4541; x_wconf 87' lang='lat' dir='ltr'><strong>a</strong></span> <span class='ocrx_word' id='word_1_311' title='bbox 908 4488 1094 4557; x_wconf 83' lang='lat' dir='ltr'><strong>grammatico</strong></span> <span class='ocrx_word' id='word_1_312' title='bbox 1120 4489 1241 4559; x_wconf 87' lang='lat' dir='ltr'><strong>quodam</strong></span> <span class='ocrx_word' id='word_1_313' title='bbox 1268 4488 1396 4544; x_wconf 83' lang='lat' dir='ltr'><strong>additam</strong></span> <span class='ocrx_word' id='word_1_314' title='bbox 1414 4507 1475 4544; x_wconf 83' lang='lat' dir='ltr'><strong>esse</strong></span> <span class='ocrx_word' id='word_1_315' title='bbox 1494 4507 1526 4544; x_wconf 89' lang='grc' dir='ltr'><strong><em>εο</em></strong></span> <span class='ocrx_word' id='word_1_316' title='bbox 1546 4496 1677 4562; x_wconf 85' lang='lat' dir='ltr'><strong>apparet,</strong></span> 
     </span>
     <span class='ocr_line' id='line_1_38' title="bbox 364 4572 1677 4649; baseline 0.005 -24"><span class='ocrx_word' id='word_1_317' title='bbox 364 4572 439 4642; x_wconf 88' lang='lat' dir='ltr'><strong>quod</strong></span> <span class='ocrx_word' id='word_1_318' title='bbox 456 4572 641 4628; x_wconf 85' lang='lat' dir='ltr'><strong>Philochorus</strong></span> <span class='ocrx_word' id='word_1_319' title='bbox 660 4592 717 4629; x_wconf 89' lang='lat' dir='ltr'><strong><em>rem</em></strong></span> <span class='ocrx_word' id='word_1_320' title='bbox 737 4576 780 4629; x_wconf 88' lang='lat' dir='ltr'><strong>ita</strong></span> <span class='ocrx_word' id='word_1_321' title='bbox 799 4576 980 4643; x_wconf 89' lang='lat' dir='ltr'><strong>instituebat,</strong></span> <span class='ocrx_word' id='word_1_322' title='bbox 1002 4579 1036 4630; x_wconf 89' lang='lat' dir='ltr'><strong><em>ut</em></strong></span> <span class='ocrx_word' id='word_1_323' title='bbox 1054 4576 1205 4631; x_wconf 86' lang='lat' dir='ltr'><strong>narrandis</strong></span> <span class='ocrx_word' id='word_1_324' title='bbox 1231 4578 1360 4648; x_wconf 83' lang='lat' dir='ltr'><strong>eponymi</strong></span> <span class='ocrx_word' id='word_1_325' title='bbox 1379 4595 1487 4645; x_wconf 86' lang='lat' dir='ltr'><strong>nomen,</strong></span> <span class='ocrx_word' id='word_1_326' title='bbox 1506 4577 1537 4629; x_wconf 81' lang='grc' dir='ltr'><strong><em>τὸ</em></strong></span> <span class='ocrx_word' id='word_1_327' title='bbox 1557 4578 1677 4649; x_wconf 81' lang='grc' dir='ltr'><strong><em>δημοτι-</em></strong></span> 
     </span>
     <span class='ocr_line' id='line_1_39' title="bbox 363 4659 1676 4737; baseline 0.01 -26"><span class='ocrx_word' id='word_1_328' title='bbox 363 4659 412 4712; x_wconf 87' lang='grc' dir='ltr'><strong><em>κὸυ</em></strong></span> <span class='ocrx_word' id='word_1_329' title='bbox 424 4661 539 4728; x_wconf 89' lang='lat' dir='ltr'><strong>addens,</strong></span> <span class='ocrx_word' id='word_1_330' title='bbox 558 4667 726 4734; x_wconf 87' lang='lat' dir='ltr'><strong>proponeret</strong></span> <span class='ocrx_word' id='word_1_331' title='bbox 747 4665 873 4734; x_wconf 73' lang='grc' dir='ltr'><strong><em>(προθεὶς</em></strong></span> <span class='ocrx_word' id='word_1_332' title='bbox 886 4660 1008 4735; x_wconf 75' lang='grc' dir='ltr'><strong><em>ἄρχοντα</em></strong></span> <span class='ocrx_word' id='word_1_333' title='bbox 1029 4704 1055 4718; x_wconf 92' lang='grc'><strong><em>..</em></strong></span> <span class='ocrx_word' id='word_1_334' title='bbox 1071 4706 1098 4719; x_wconf 90' lang='grc'><strong><em>..</em></strong></span> <span class='ocrx_word' id='word_1_335' title='bbox 1118 4665 1285 4733; x_wconf 81' lang='lat' dir='ltr'><strong>Did.1,14;</strong></span> <span class='ocrx_word' id='word_1_336' title='bbox 1305 4667 1331 4734; x_wconf 89' lang='grc'><strong><em>7,</em></strong></span> <span class='ocrx_word' id='word_1_337' title='bbox 1349 4667 1397 4730; x_wconf 91' lang='grc'><strong>17;</strong></span> <span class='ocrx_word' id='word_1_338' title='bbox 1417 4668 1441 4733; x_wconf 90' lang='grc'><strong><em>7,</em></strong></span> <span class='ocrx_word' id='word_1_339' title='bbox 1454 4666 1504 4732; x_wconf 82' lang='grc'><strong><em>35;</em></strong></span> <span class='ocrx_word' id='word_1_340' title='bbox 1523 4668 1676 4737; x_wconf 87' lang='grc'><strong>8,17,17).</strong></span> 
     </span>
     <span class='ocr_line' id='line_1_40' title="bbox 361 4750 1677 4826; baseline 0.005 -23"><span class='ocrx_word' id='word_1_341' title='bbox 361 4750 517 4819; x_wconf 84' lang='lat' dir='ltr'><strong>Dionysius</strong></span> <span class='ocrx_word' id='word_1_342' title='bbox 532 4768 555 4806; x_wconf 90' lang='lat' dir='ltr'><strong><em>c.</em></strong></span> <span class='ocrx_word' id='word_1_343' title='bbox 569 4752 598 4806; x_wconf 87' lang='lat'><strong><em>9:</em></strong></span> <span class='ocrx_word' id='word_1_344' title='bbox 617 4754 800 4823; x_wconf 84' lang='grc' dir='ltr'><strong><em>Καλλίμαχον</em></strong></span> <span class='ocrx_word' id='word_1_345' title='bbox 813 4757 1012 4823; x_wconf 75' lang='grc' dir='ltr'><strong><em>Περγασῆθεν·</em></strong></span> <span class='ocrx_word' id='word_1_346' title='bbox 1032 4753 1081 4807; x_wconf 72' lang='lat' dir='ltr'><strong><em>tut</em></strong></span> <span class='ocrx_word' id='word_1_347' title='bbox 1093 4750 1199 4809; x_wconf 74' lang='grc' dir='ltr'><strong><em>τούτου.</em></strong></span> <span class='ocrx_word' id='word_1_348' title='bbox 1220 4793 1262 4810; x_wconf 90' lang='grc'><strong><em>...</em></strong></span> <span class='ocrx_word' id='word_1_349' title='bbox 1281 4772 1304 4809; x_wconf 90' lang='lat' dir='ltr'><strong><em>c.</em></strong></span> <span class='ocrx_word' id='word_1_350' title='bbox 1315 4755 1363 4811; x_wconf 85' lang='lat'><strong><em>10:</em></strong></span> <span class='ocrx_word' id='word_1_351' title='bbox 1385 4752 1561 4826; x_wconf 86' lang='grc' dir='ltr'><strong><em>Θεόφραστος</em></strong></span> <span class='ocrx_word' id='word_1_352' title='bbox 1573 4754 1677 4810; x_wconf 58' lang='lat' dir='ltr'><strong>attat·</strong></span> 
     </span>
     <span class='ocr_line' id='line_1_41' title="bbox 362 4834 1678 4917; baseline 0.006 -28"><span class='ocrx_word' id='word_1_353' title='bbox 362 4834 421 4896; x_wconf 78' lang='grc' dir='ltr'><strong><em>τίς·</em></strong></span> <span class='ocrx_word' id='word_1_354' title='bbox 450 4838 499 4892; x_wconf 73' lang='lat' dir='ltr'><strong><em>tut</em></strong></span> <span class='ocrx_word' id='word_1_355' title='bbox 521 4837 619 4893; x_wconf 79' lang='grc' dir='ltr'><strong><em>τούτου</em></strong></span> <span class='ocrx_word' id='word_1_356' title='bbox 637 4881 643 4896; x_wconf 92' lang='grc'><strong>.</strong></span> <span class='ocrx_word' id='word_1_357' title='bbox 658 4884 684 4897; x_wconf 92' lang='grc'><strong><em>..</em></strong></span> <span class='ocrx_word' id='word_1_358' title='bbox 702 4842 767 4896; x_wconf 90' lang='lat' dir='ltr'><strong>Did.</strong></span> <span class='ocrx_word' id='word_1_359' title='bbox 786 4842 810 4908; x_wconf 92' lang='lat'><strong><em>1,</em></strong></span> <span class='ocrx_word' id='word_1_360' title='bbox 831 4841 878 4896; x_wconf 88' lang='lat'><strong><em>18:</em></strong></span> <span class='ocrx_word' id='word_1_361' title='bbox 911 4842 976 4908; x_wconf 77' lang='grc' dir='ltr'><strong><em>περὶ</em></strong></span> <span class='ocrx_word' id='word_1_362' title='bbox 994 4885 1001 4898; x_wconf 90' lang='grc'><strong>.</strong></span> <span class='ocrx_word' id='word_1_363' title='bbox 1017 4885 1023 4899; x_wconf 91' lang='grc'><strong><em>.</em></strong></span> <span class='ocrx_word' id='word_1_364' title='bbox 1039 4884 1045 4898; x_wconf 94' lang='grc'><strong>.</strong></span> <span class='ocrx_word' id='word_1_365' title='bbox 1062 4884 1090 4898; x_wconf 90' lang='grc'><strong><em>..</em></strong></span> <span class='ocrx_word' id='word_1_366' title='bbox 1115 4844 1231 4913; x_wconf 74' lang='grc' dir='ltr'><strong><em>προθεὶς</em></strong></span> <span class='ocrx_word' id='word_1_367' title='bbox 1254 4838 1375 4914; x_wconf 62' lang='grc' dir='ltr'><strong><em>ἄρχοντα</em></strong></span> <span class='ocrx_word' id='word_1_368' title='bbox 1398 4840 1562 4915; x_wconf 86' lang='grc' dir='ltr'><strong><em>Νικόμαχόν</em></strong></span> <span class='ocrx_word' id='word_1_369' title='bbox 1586 4860 1678 4917; x_wconf 82' lang='grc' dir='ltr'><strong><em>φησιν</em></strong></span> 
     </span>
     <span class='ocr_line' id='line_1_42' title="bbox 362 4922 938 4999; baseline 0.014 -21"><span class='ocrx_word' id='word_1_370' title='bbox 362 4922 460 4987; x_wconf 79' lang='grc' dir='ltr'><strong><em>οὕτως·</em></strong></span> <span class='ocrx_word' id='word_1_371' title='bbox 480 4927 528 4983; x_wconf 76' lang='grc' dir='ltr'><strong><em>ἐπὶ</em></strong></span> <span class='ocrx_word' id='word_1_372' title='bbox 545 4926 643 4983; x_wconf 76' lang='grc' dir='ltr'><strong><em>τούτου</em></strong></span> <span class='ocrx_word' id='word_1_373' title='bbox 661 4931 688 4983; x_wconf 80' lang='lat' dir='ltr'><strong><em>ol</em></strong></span> <span class='ocrx_word' id='word_1_374' title='bbox 706 4928 847 4999; x_wconf 75' lang='grc' dir='ltr'><strong><em>Ἀθηναῖοι</em></strong></span> <span class='ocrx_word' id='word_1_375' title='bbox 865 4971 893 4990; x_wconf 69' lang='grc'><strong><em>.,</em></strong></span> <span class='ocrx_word' id='word_1_376' title='bbox 910 4971 938 4989; x_wconf 88' lang='grc'><strong><em>..</em></strong></span> 
     </span>
    </p>
   </div>
   <div class='ocr_carea' id='block_1_7' title="bbox 0 0 1830 5709">
    <p class='ocr_par' dir='ltr' id='par_1_8' title="bbox 0 0 1830 5709">
     <span class='ocr_line' id='line_1_43' title="bbox 0 0 1830 5709; baseline 0 1"><span class='ocrx_word' id='word_1_377' title='bbox 0 0 1830 5709; x_wconf 95' lang='lat' dir='ltr'><strong><em> </em></strong></span> 
     </span>
    </p>
   </div>
  </div>
 </body>
</html>
