3650 5709
814 456 1002 521 ..6-

258 644 506 711 circumscribere
527 641 704 729 possimus?
747 644 799 710 le
820 666 864 725 eo,
893 643 977 727 quod
997 643 1179 729 Philippum
1200 645 1397 711 undecimum
1419 666 1560 710 mensem

255 750 288 813 in
320 747 455 813 Thracia
489 754 647 815 versatum
668 748 767 827 (VIII
790 752 821 832 2)
853 747 1033 812 hibernasse
1058 749 1136 832 (35),
1170 750 1356 832 etesiasque‚
1398 771 1479 832 quae
1512 749 1559 814 di·

255 857 374 932 cuntur,
397 853 569 936 exspectari
592 858 695 917 orator
716 859 833 932 narrat,
855 856 987 936 apparet
1007 853 1180 916 orationem
1202 850 1291 918 VIII
1312 854 1386 917 anni
1402 855 1464 917 342
1488 874 1560 917 vere

255 956 304 1020 vel
325 960 444 1020 aestate
465 955 591 1019 ineunte
614 956 761 1037 scriptam
783 976 858 1019 esse.
902 954 1055 1019 Eiusdem
1069 954 1136 1019 fere
1151 957 1299 1038 temporis
1313 957 1486 1021 orationem
1501 955 1561 1019 IX

255 1080 321 1123 esse
349 1058 490 1123 vidimus.
534 1058 712 1138 Terminus,
741 1063 815 1122 ante
843 1079 936 1141 quem
964 1059 1119 1122 orationes
1142 1059 1275 1142 scriptae
1297 1066 1378 1139 sunt,
1405 1081 1444 1125 ex
1465 1060 1560 1124 titulo

256 1183 349 1245 supra
377 1161 473 1225 allato
502 1162 712 1242 constituitur,
742 1182 804 1244 quo
832 1162 954 1226 decima
975 1182 1017 1225 sc.
1039 1162 1151 1226 ultima
1178 1164 1324 1246 prytanis
1344 1165 1461 1246 (mense
1484 1184 1559 1246 ergo

255 1263 358 1342 Innio)
387 1284 459 1328 cnm
486 1262 654 1328 Messeniis
685 1265 816 1348 aliisque
839 1264 1075 1348 Peloponnesiis
1100 1264 1228 1329 foedera
1249 1264 1289 1329 ab
1311 1265 1561 1332 Atheniensibus

254 1368 317 1430 icta
337 1387 404 1431 esse
425 1365 665 1433 demonstratur.
710 1367 792 1434 (lum
814 1368 935 1451 legatos
957 1366 997 1432 ab
1019 1366 1267 1433 Atheniensibus
1288 1367 1427 1453 Philippi
1445 1370 1561 1434 litteris

254 1491 291 1534 ac
311 1471 512 1553 querimoniis
533 1472 705 1553 perterritis
727 1473 748 1537 i.
761 1492 786 1537 e.
809 1471 918 1536 eodem
939 1472 1007 1536 fere
1020 1478 1159 1554 tempore
1172 1472 1284 1536 missos
1298 1493 1365 1537 esse
1384 1473 1435 1555 (ef.
1453 1472 1560 1541 Schol.

254 1572 370 1638 Aesch.
393 1578 421 1655 3,
444 1575 506 1657 83),
534 1573 663 1640 foedera
684 1596 757 1658 ergo
779 1575 887 1640 eodem
909 1574 976 1640 fere
1003 1581 1142 1658 tempore
1163 1575 1183 1639 i.
1205 1595 1230 1640 e.
1251 1596 1357 1639 mense
1380 1575 1473 1641 Iunio
1496 1579 1559 1641 342

255 1678 421 1742 conciliata
448 1699 516 1745 esse
549 1680 714 1744 verisimile
747 1685 808 1760 est,
842 1677 1012 1744 secundum
1042 1683 1148 1742 autem
1169 1683 1202 1743 et
1223 1680 1394 1743 orationem
1416 1677 1506 1746 VIH
1529 1687 1562 1745 et

253 1779 311 1845 IX
332 1780 461 1846 foedera
489 1803 552 1847 non
578 1784 642 1847 icta
669 1803 736 1847 esse
766 1787 895 1863 constet,
931 1782 1025 1846 immo
1062 1787 1225 1846 oratores
1246 1781 1284 1847 de
1307 1804 1402 1847 causa
1423 1782 1559 1848 Atheni·

254 1904 343 1948 enses
376 1886 557 1967 gravissime
590 1887 745 1970 vituperet
775 1886 982 1970 postuletque
1016 1891 1053 1951 ut
1082 1886 1178 1968 legati
1200 1887 1233 1949 in
1254 1884 1506 1970 Peloponnesum
1529 1894 1561 1952 et

254 1990 287 2052 in
308 2010 415 2054 omnes
438 1988 590 2056 Graeciae
621 1996 727 2074 partes
758 1990 894 2055 foederis
917 1990 1044 2055 ineundi
1071 2011 1167 2054 causa
1192 1991 1393 2072 mittantur1),
1429 1998 1562 2076 apparet

255 2092 418 2174 orationes,
440 2094 467 2157 si
481 2093 602 2176 legatos
616 2115 680 2158 non
698 2095 785 2178 prius
799 2115 894 2177 quum
908 2113 971 2158 uno
986 2114 1093 2158 mense
1106 2094 1276 2177 praeterito
1290 2093 1417 2159 domum
1431 2095 1561 2161 rediisse

254 2216 419 2278 ponamus,
450 2218 514 2262 non
546 2203 620 2263 ante
653 2218 791 2262 mensem
812 2196 958 2281 Aprilem
989 2197 1039 2261 vel
1071 2217 1210 2261 mensem
1239 2196 1364 2261 Maium
1399 2200 1561 2263 ineuntem

255 2299 386 2382 scriptas
407 2320 484 2365 esse.

341 2400 538 2469 Sententiam
571 2405 665 2489 plane
697 2405 793 2469 aliam
818 2402 950 2488 protulit
971 2401 1173 2485 Belochius¹)‚
1206 2425 1300 2486 quam
1332 2396 1464 2489 probare
1498 2427 1562 2470 non

255 2526 390 2589 possum.
436 2507 588 2574 Concedit
610 2510 694 2573 enim
715 2509 762 2572 vir
783 2508 893 2573 doctus
907 2505 1036 2571 foedera
1057 2506 1112 2569 illa
1134 2528 1204 2571 cum
1219 2506 1455 2589 Peloponnesiis
1477 2530 1562 2573 anno

256 2610 348 2685 34372
371 2608 458 2676 facta
479 2632 555 2693 esse,
577 2617 683 2677 tamen
698 2610 861 2678 Schaeieri
883 2611 1070 2675 sententiam
1092 2615 1217 2674 secutus
1242 2612 1397 2676 orationes
1420 2614 1481 2676 341
1505 2611 1561 2676 ha·

256 2709 337 2777 bitas
358 2734 425 2779 esse
446 2721 546 2799 putat.
591 2714 700 2780 Liceat
720 2714 797 2778 mihi
818 2716 885 2779 eius
906 2713 1001 2778 verba
1022 2712 1182 2795 afferre³):

341 2816 404 2881 Die
425 2816 581 2901 Angaben
613 2819 669 2883 der
696 2818 812 2884 dritten
834 2816 1017 2901 Philippilra
1043 2815 1153 2881 stehen
1175 2816 1275 2881 damit
1296 2817 1452 2883 durchaus
1474 2819 1565 2884 nicht

256 2918 298 2981 im
319 2917 552 3004 Widerspruch
606 2920 836 2985 Demosthenes
867 2918 1002 3002 verfolgt
1034 2920 1066 2982 in
1100 2918 1202 2983 dieser
1223 2918 1312 2984 Rede
1343 2920 1404 2985 den
1436 2920 1563 3001 Zweclr,

256 3020 327 3085 dem
348 3019 450 3088 Vollre
471 3022 522 3087 die
545 3020 647 3088 Sache
669 3044 703 3087 so
725 3021 860 3088 schwarz
882 3023 930 3086 als
951 3021 1087 3104 moglich
1108 3043 1147 3085 zu
1170 3020 1333 3103 schildern‚
1363 3022 1420 3087 das
1440 3023 1563 3087 Errun-

256 3147 335 3209 gene
357 3126 404 3189 als
425 3124 646 3191 unhedeutend
674 3124 880 3189 hinzustellen
908 3123 1087 3207 gegeniiber
1109 3124 1188 3204 dem,
1221 3145 1285 3188 was
1321 3125 1402 3190 noch
1433 3148 1471 3191 zu
1504 3133 1564 3192 tun

256 3231 308 3294 sei.
352 3229 429 3295 Und
450 3250 540 3294 wenn
562 3228 791 3293 Demosthenes
814 3227 938 3292 ausurit
963 3226 1032 3310 (IX
1053 3228 1106 3310 28)
1132 3220 1218 3291 οὕτω
1246 3223 1282 3291 δὲ
1304 3227 1416 3306 κακῶς
1438 3224 1564 3294 διακεί-

256 3335 346 3413 μεθα
379 3335 431 3416 (sc
464 3331 499 3398 οἵ
520 3320 687 3419 (Ἕλληνες)
715 3327 772 3395 καὶ
800 3326 1008 3415 ὅιωρύγμεθα
1041 3323 1125 3394 κατὰ
1149 3325 1269 3406 πόλεις
1303 3324 1384 3395 ὥστ’
1405 3322 1479 3418 ὅχρι
1503 3334 1565 3420 τῆς

257 3428 394 3522 τήμερον
415 3431 535 3523 ἡμέρας
557 3428 652 3500 οὐδὲν
673 3426 748 3500 οὔτε
769 3435 835 3498 τῶν
851 3429 1082 3520 συμφερόντων
1098 3423 1172 3498 odra
1194 3434 1259 3497 τῶν
1280 3429 1418 3499 δεόντων
1434 3435 1565 3521 πρᾶξαι

257 3532 435 3620 δυνάμεθα,
468 3531 544 3604 οὐδὲ
576 3539 736 3625 συστῆσαι
768 3530 844 3602 οὐδὲ
865 3532 1037 3602 κοινωνίαν
1071 3531 1232 3624 βοηθείας
1253 3534 1311 3601 καὶ
1332 3533 1447 3623 φιλίας
1475 3532 1564 3605 udde-

256 3635 336 3723 μίαν
359 3631 579 3729 ποιήσασθαι,
603 3662 637 3706 so
659 3641 781 3706 bleiben
803 3641 888 3705 diese
901 3640 1015 3705 Worte
1037 3642 1080 3705 im
1102 3640 1220 3723 grossen
1243 3640 1308 3705 und
1323 3663 1444 3724 gauzen
1467 3624 1564 3723 ωεστ,

257 3743 337 3809 auch
372 3744 454 3810 nach
489 3745 561 3810 dem
582 3744 747 3810 Abschluss
779 3745 834 3810 des
857 3743 1052 3809 Biindnisses
1084 3745 1142 3808 mit
1163 3743 1304 3809 Korinth
1335 3745 1400 3810 und
1425 3745 1564 3812 Achaia.

257 3847 328 3913 Nur
355 3848 412 3914 das
433 3849 579 3914 Biindnis
610 3850 670 3913 mit
704 3848 832 3914 Theben
864 3848 982 3913 konute
1014 3847 1124 3912 Athen
1158 3848 1192 3911 in
1229 3847 1290 3914 den
1314 3846 1417 3914 Stand
1449 3856 1565 3930 setzen,

257 3950 420 4036 Philippos
455 3953 498 4016 im
530 3951 669 4016 oflenem
689 3951 786 4017 Felde
818 3974 857 4017 zu
879 3950 1049 4035 hegegnen,
1082 3949 1139 4016 aut
1167 3950 1218 4015 die
1241 3950 1466 4017 Kleinstaaten
1488 3952 1566 4017 lram

257 4056 362 4138 wenig'
380 4077 422 4120 an
444 4103 571 4123 .....
573 4060 589 4093 “

341 4157 457 4223 Utrum
474 4158 602 4224 foedera
616 4180 685 4223 cum
700 4157 936 4242 Peloponnesiis
951 4157 1117 4221 conciliata
1135 4157 1253 4240 ahquid
1275 4158 1431 4223 valuerint
1454 4181 1563 4241 necne,

257 4261 373 4326 nullius
394 4267 443 4327 est
472 4264 620 4327 momenti
651 4282 807 4345 quaerere.
858 4259 994 4327 Constat
1021 4260 1150 4325 foedera
1169 4282 1206 4326 eo
1229 4267 1376 4345 tempore,
1403 4283 1475 4327 cum
1496 4264 1565 4328 De-

257 4364 434 4431 mosthenes
455 4352 610 4431 orationes
631 4364 721 4433 VIII
741 4371 775 4431 et
795 4364 853 4429 IX
873 4365 1005 4449 scripsit,
1027 4386 1098 4429 cum
1121 4365 1158 4429 iis
1186 4386 1250 4429 non
1271 4366 1334 4430 icta
1355 4386 1431 4430 esse.
1474 4367 1565 4433 Enu-

348 4560 374 4627 1)
393 4559 515 4613 Foedera
525 4575 579 4613 non
592 4559 650 4612 icta
669 4574 729 4612 esse
747 4561 866 4628 apparet
876 4575 909 4612 ex
919 4559 953 4628 ἐξ
962 4558 1032 4611 VIII
1046 4558 1088 4623 66,
1108 4557 1147 4611 lX
1160 4557 1247 4624 21‚28
1261 4575 1312 4628 sq.‚
1331 4558 1366 4612 33
1379 4576 1429 4630 sq„
1448 4558 1492 4613 35.
1513 4561 1567 4629 §X

259 4647 293 4702 52
308 4648 440 4702 civitates
458 4648 580 4701 nondum
599 4646 708 4701 loedere
727 4646 896 4701 conciliatae
916 4649 1125 4712 enumerantur,
1145 4664 1201 4716 qua
1220 4646 1254 4699 de
1274 4663 1303 4700 re
1317 4647 1398 4701 nobis
1415 4647 1566 4718 disputan-

260 4737 324 4790 dum
344 4736 400 4790 erit
417 4736 500 4791 infra.
531 4735 572 4790 Ut
589 4735 678 4803 legati
696 4735 860 4801 mittentur,
878 4736 1010 4805 postulat
1020 4734 1225 4789 Demosthenes
1240 4734 1308 4788 Vlll
1321 4735 1356 4790 76
1374 4739 1404 4790 ot
1422 4736 1461 4789 lx
1473 4737 1509 4792 70
1522 4754 1565 4810 sq.

259 4825 388 4895 (Respice
407 4826 491 4878 verba
509 4824 525 4895 ἓ
543 4823 578 4879 70
595 4820 728 4893 γράψωξ
749 4823 783 4878 76
800 4826 887 4875 ταῦτα
904 4824 983 4895 λέγω,
1001 4826 1087 4875 ταῦτα
1105 4819 1222 4893 γράφω).

345 4914 373 4992 2)
392 4912 454 4983 Att.
475 4912 582 4980 Politik
601 4912 656 4979 seit
673 4910 800 4979 Perilleo
819 4930 847 4997 p.
865 4912 918 4969 367
933 4928 994 4995 sqq.
1119 4910 1146 4981 3)
1165 4928 1192 4981 p.
1209 4909 1273 4972 369,
