3650 5709
789 221 1002 286 ..43-

257 401 479 473 decertaturus
510 406 563 488 sit,
592 428 655 472 nnn
684 406 840 474 Thraciae
873 414 962 473 motu
982 408 1197 494 impediretur,
1228 415 1261 476 et
1280 432 1388 480 omnes
1411 413 1566 482 Graeciae

256 507 404 575 civitates
424 511 490 576 sve
511 510 670 594 subegerit
691 512 756 577 sive
776 511 955 577 foederibus
976 513 1035 578 sibi
1057 512 1275 595 conciliaverit,
1304 516 1348 580 ita
1375 522 1412 581 nt
1433 517 1566 583 Atheni·

254 632 352 677 enses
374 635 394 678 a
417 614 508 679 sociis
528 614 628 679 relicti
643 614 702 679 sibi
725 615 828 680 minus
842 615 936 680 facile
951 616 1135 681 resisterent
1170 613 1274 699 Quam
1291 639 1356 682 rem
1369 619 1567 702 popularium

253 713 359 783 duces
382 738 453 782 cum
468 718 622 799 timerent,
644 723 676 782 et
695 738 752 801 pro
766 740 824 784 sua
845 725 935 802 parte
957 720 1098 785 civitates
1112 720 1269 787 Graeciae
1283 742 1389 786 secum
1403 722 1567 789 conciliare

253 821 460 887 conabantur
481 827 521 903 et,
542 821 724 905 priusquam
746 822 829 905 regis
851 822 1021 888 auctoritas
1035 823 1167 887 nimium
1182 822 1267 908 apud
1282 822 1424 889 Graecos
1442 826 1568 906 valeret,

252 944 310 990 res
333 926 375 990 ad
398 946 486 990 arma
508 924 620 990 deduci
644 924 822 990 studebant.

349 1030 446 1094 Anno
469 1028 564 1114 344J3
585 1028 750 1113 Philippus
771 1034 880 1093 couha
895 1028 1065 1094 Dardanos
1090 1034 1122 1094 et
1136 1027 1420 1096 Triballosbellnm
1436 1034 1566 1116 gessit1).

254 1131 387 1197 Eodem
422 1154 504 1197 anno
536 1133 569 1196 iu
597 1131 731 1216 Epirum
760 1132 920 1216 profectus
947 1131 1191 1197 Atheniensium
1221 1133 1357 1198 amioum
1387 1140 1420 1199 et
1440 1136 1567 1219 civem¹)

257 1235 430 1321 Arybbam
451 1256 548 1320 regno
571 1235 670 1316 eiecit,
691 1234 974 1317 Alexandrumque
995 1234 1123 1300 fratrem
1145 1236 1250 1300 uxons
1275 1257 1381 1319 regem
1398 1240 1566 1305 coustituit

257 1339 486 1420 Athenienses,
519 1339 605 1422 quod
632 1338 799 1422 Philippus
827 1359 926 1421 usque
957 1337 1000 1402 ad
1023 1337 1178 1404 Graeciae
1200 1336 1278 1404 fines
1307 1339 1463 1423 profectus
1491 1348 1567 1424 erat,

259 1464 358 1527 aegre
388 1443 497 1508 tulisse
519 1447 764 1508 consentaneum
788 1447 844 1508 est
898 1439 1113 1527 Quamobrem
1136 1440 1301 1526 Philippus
1323 1442 1566 1510 Atheniensium

259 1547 385 1612 animos
417 1547 587 1612 concitatos
616 1545 770 1630 placabat
828 1545 943 1629 Itaque
976 1565 1103 1629 operam
1132 1544 1227 1626 dedit,
1259 1551 1296 1610 ut
1327 1547 1568 1631 Amphiotiones

260 1648 426 1734 Delphici,
456 1671 527 1715 cum
559 1649 773 1715 Athenienses
808 1654 841 1714 et
872 1648 959 1713 Delii
992 1648 1032 1713 de
1065 1648 1225 1733 Apollinis
1256 1650 1374 1734 templo
1403 1657 1567 1735 certarent,

262 1753 394 1819 concilio
424 1759 575 1819 autumno
602 1752 666 1818 344
691 1752 774 1818 facto
795 1751 967 1818 secundum
990 1751 1202 1818 Athenienses
1223 1754 1465 1820 controversiam
1488 1755 1567 1822 diiu-

262 1854 411 1921 dicarent
455 1856 556 1922 Paulo
577 1862 650 1941 post
669 1856 795 1941 Python
817 1855 933 1939 aliique
953 1856 1036 1939 regis
1056 1855 1154 1940 legati
1175 1854 1322 1922 Athenas
1349 1866 1567 1943 pervenerunt,
1648 1905 1650 1907 -

262 1961 326 2042 qui,
348 1982 388 2025 ne
410 1966 548 2026 oratores
569 1962 719 2045 populum
741 1960 775 2024 in
797 1959 981 2044 Philippum
1002 1959 1200 2043 instigarent,
1228 1959 1438 2043 prohiberent
1479 1962 1566 2028 siin

262 2063 348 2147 pacis
379 2063 612 2129 condicionibus
642 2063 761 2147 aliquid
788 2083 951 2147 perperam
980 2063 1129 2147 scriptum
1151 2062 1321 2145 videretur,
1351 2064 1386 2129 id
1413 2067 1567 2152 corrigere

261 2167 388 2251 iussin).
434 2167 550 2232 Hieme
583 2166 678 2251 344(ss
711 2166 760 2232 vel
793 2167 893 2251 primo
926 2165 990 2231 343
1019 2187 1092 2231 vere
1123 2166 1157 2230 in
1186 2165 1382 2232 Thessaliam
1411 2168 1568 2252 profectus

262 2269 448 2336 tetrarchias
471 2271 639 2337 coristituit.
692 2270 810 2336 Iisdem
841 2270 1033 2353 temporibus
1054 2269 1104 2335 vel
1126 2269 1220 2354 paulo
1241 2276 1315 2335 ante
1337 2271 1467 2337 urbibus
1488 2273 1567 2339 Ere·

262 2374 342 2439 triae
376 2380 408 2439 et
435 2372 519 2440 Oreo
548 2380 697 2460 tyrannos
727 2374 785 2440 sibi
813 2373 936 2438 deditos
963 2372 1121 2457 praefecit
1172 2372 1288 2439 Terras
1309 2395 1384 2459 ergo
1405 2396 1504 2459 usque
1525 2376 1568 2441 ad

264 2478 419 2543 Graeciae
441 2477 519 2543 fines
540 2478 616 2543 sitas
637 2499 720 2543 anuo
743 2477 837 2559 34453
859 2476 1034 2560 subegerat
1079 2475 1145 2543 Sed
1170 2477 1234 2542 iam
1257 2498 1294 2542 eo
1315 2484 1464 2562 tempore,
1495 2501 1567 2545 cum

262 2582 295 2645 in
317 2582 415 2665 Epiro
437 2580 627 2662 versabatur,
648 2580 892 2665 Peloponnesios
912 2579 946 2644 in
967 2585 1155 2663 potestatem
1170 2601 1261 2645 snam
1275 2580 1417 2665 redigere
1436 2588 1568 2649 conatus

263 2690 338 2750 erat
382 2686 519 2769 Argivos
541 2684 786 2768 Messeninsque,
817 2684 871 2768 qni
900 2704 957 2767 pro
985 2683 1131 2749 libertate
1160 2690 1271 2749 contra
1297 2683 1568 2753 Lacedaemonios

263 2788 470 2870 dimicabant,
503 2789 666 2854 adiuverat
695 2787 873 2871 auxiliaque
905 2788 1048 2869 miserat,
1077 2787 1229 2853 Eleorum
1254 2787 1309 2870 illi,
1337 2789 1392 2873 qui
1414 2790 1443 2854 ei
1464 2790 1569 2856 stude-

263 2892 348 2974 bant,
370 2893 517 2974 vicerant,
545 2893 620 2977 quin
643 2894 738 2957 etiam
761 2913 832 2956 eum
854 2892 887 2955 in
909 2890 1162 2975 Peloponnesum
1188 2892 1391 2957 transiturum
1414 2913 1481 2959 esse
1502 2914 1569 2959 om-

263 3015 318 3060 nes
340 2996 561 3081 Peloponnesii
582 2995 745 3081 putabant

348 3118 486 3203 Philippi
518 3118 652 3184 consiliis
684 3117 850 3202 populares
882 3115 1106 3198 Athenienses,
1142 3117 1196 3201 qui
1228 3122 1295 3182 tum
1334 3117 1436 3201 magis
1471 3139 1569 3201 quam

262 3222 374 3287 diuites
394 3222 555 3304 valebant,
587 3222 781 3287 resistebant
823 3220 991 3305 Legationi
1012 3220 1166 3307 Pythonis
1187 3220 1415 3304 respondenmt
1436 3220 1570 3306 legatos-

262 3348 332 3410 que,
353 3346 486 3409 quorum
507 3347 589 3391 unus
611 3325 811 3409 Hegesippus
832 3326 929 3389 inisse
951 3323 1110 3408 videtur⁴),
1141 3323 1183 3389 ad
1205 3344 1311 3408 regem
1334 3324 1495 3405 miserimt
1516 3326 1571 3409 qni

262 3428 464 3512 postularent,
494 3433 530 3492 ut
550 3429 687 3511 utrique,
717 3427 930 3493 Athenienses
952 3432 985 3492 et
1005 3426 1179 3511 Philippus,
1210 3448 1269 3492 sua
1290 3433 1435 3493 tenerent
1455 3430 1570 3513 (neque

262 3540 299 3598 ut
319 3537 470 3613 tenerent,
492 3552 573 3615 quae
595 3531 787 3613 tenuissent).
815 3530 1029 3596 Athenienses
1051 3551 1135 3615 ergo,
1156 3535 1192 3595 ut
1212 3552 1267 3595 rex
1289 3529 1570 3615 sibiAmphipolin

261 3635 415 3716 redderet,
444 3639 659 3719 poposcerunt.
717 3633 798 3699 Tum
828 3633 925 3718 legati
954 3633 1117 3718 rogabant,
1149 3639 1186 3698 ut
1208 3632 1333 3715 Graeci,
1365 3634 1419 3716 qui
1440 3633 1569 3701 foedere

262 3758 325 3802 nnn
348 3739 589 3819 continerentur,
609 3736 699 3801 liberi
720 3742 824 3801 essent
845 3735 972 3819 suisque
992 3734 1114 3820 legibus
1134 3741 1306 3817 uterentur,
1327 3741 1360 3801 et
1383 3737 1410 3801 si
1431 3738 1501 3820 quis
1523 3739 1569 3804 eis

262 3840 379 3905 bellum
414 3841 557 3923 inferret,
595 3840 656 3906 illis
689 3839 843 3905 foederati
875 3839 1028 3905 auxilium
1059 3838 1184 3905 ferrent.
1261 3836 1432 3904 Praeterea
1465 3840 1568 3906 Athe·

263 3945 387 4010 nienses
420 3945 529 4011 eodem
563 3965 647 4010 anno
679 3943 775 4027 344s3
807 3942 1065 4025 Demosthenem,
1099 3943 1327 4028 Hegesippum,
1361 3942 1567 4027 Polyeuctum

263 4049 403 4133 aliosque
425 4048 546 4133 legatos
560 4049 594 4113 in
609 4047 860 4132 Peloponnesum
875 4048 1036 4127 miserunt,
1057 4047 1111 4130 qui
1125 4046 1369 4131 Peloponnesios
1387 4068 1407 4111 a
1421 4046 1568 4130 Philippo

262 4151 442 4218 abalienare
468 4173 642 4237 pacemque
672 4153 754 4217 inter
774 4151 951 4218 Messenios
972 4151 1101 4234 eiusque
1129 4152 1229 4217 socios
1249 4157 1282 4217 et
1304 4149 1569 4217 Lacedaemonios

262 4255 430 4321 conciliare
465 4263 662 4323 conarentur.
705 4256 787 4323 Oum
816 4255 983 4339 Philippus
1014 4254 1085 4319 illos
1113 4254 1237 4320 auxiliis
1265 4254 1366 4320 missis
1391 4254 1568 4336 adiuvisset,

260 4359 384 4445 legatos
405 4382 469 4425 non
490 4361 626 4426 multum
648 4365 805 4427 assecutos
827 4380 895 4426 esse
918 4363 1165 4425 consentaneum
1187 4364 1241 4425 est.

349 4589 376 4659 1)
395 4590 477 4646 Diod.
497 4591 538 4645 re.
559 4590 602 4647 ee.
767 4592 794 4662 a)
816 4591 881 4646 cm
900 4589 959 4645 115.
1125 4588 1153 4658 a)
1171 4587 1224 4642 v11
1243 4587 1286 4641 m.

349 4680 377 4750 4)
394 4681 460 4734 xix
479 4680 540 4734 aar.
