3650 5709
864 406 1085 492 '-2s-

332 620 460 703 mitique
482 618 521 700 B,
549 614 610 682 No.
634 615 675 681 28
697 614 804 698 edidit,
835 636 937 699 neque
960 614 1022 680 Ed.
1038 614 1183 699 Meyer1),
1203 615 1258 699 qui
1278 616 1397 699 primus
1418 616 1538 685 titulum
1557 625 1608 691 Ar-

331 723 466 790 taxerxis
481 720 563 788 Ochi
582 741 649 785 esse
664 719 816 803 cognovit,
836 724 920 784 recte
934 717 1182 799 intellexerintb,
1204 718 1298 784 verba
1311 719 1391 804 ipsa,
1411 742 1491 803 quae
1511 728 1609 811 scripto

332 831 414 908 sunt
435 823 544 890 afferre
566 822 667 890 liceat.
712 821 852 888 Titulum
874 822 960 904 mihi,
985 843 1048 905 qua
1070 827 1118 887 est
1140 821 1342 906 benignitate,
1369 824 1417 887 vir
1437 824 1610 900 dootimimufl
1704 837 1707 875 ¹

332 931 371 996 B.
388 928 424 996 O.
440 927 586 993 Andreas
606 927 827 1010 interpretatus
849 932 906 992 est.
950 925 1053 993 Valde
1068 925 1237 992 dolendum
1260 932 1317 1007 est,
1337 927 1421 1010 quod
1444 949 1505 994 non
1520 938 1609 1004 omnia
1700 922 1706 973 '⁸

332 1031 417 1098 tituli
439 1031 532 1097 verba
553 1030 656 1096 adhue
677 1030 825 1114 explicari
846 1035 985 1115 possunt

355 1136 382 1200 1.
415 1136 515 1221 sanat]
539 1135 627 1199 lei-tu
648 1134 770 1200 Umasu
791 1128 828 1202 ia
849 1133 1044 1200 Artakdatsu

415 1241 555 1304 sumu-su
575 1237 707 1324 nabal-u
728 1238 805 1303 arab
828 1237 956 1304 Tisrutu
977 1237 1082 1304 amelu
1105 1239 1206 1302 sar-tu
1228 1240 1264 1301 sa
1286 1239 1365 1303 sarri

415 1340 460 1429 sa]
483 1342 549 1407 matt
568 1340 715 1431 Sida-nu
736 1345 835 1408 sar-tu
858 1345 893 1407 sa
915 1340 1032 1407 Babiln
1054 1363 1076 1405 u
1098 1340 1152 1406 alu
1174 1324 1328 1407 Su-ia-an

416 1493 577 1512 ......
599 1443 678 1509 arhu
699 1446 792 1511 duabu
812 1448 888 1509 dmu
913 1445 1003 1510 13-tu
1025 1444 1131 1510 amelu
1155 1445 1213 1528 sab
1234 1446 1287 1529 isli

357 1547 386 1613 5.
420 1596 579 1614 ......
602 1548 741 1615 bitu-nu
763 1570 825 1615 ana
846 1549 959 1614 Babilu
981 1548 1125 1614 eribd-ni.

415 1655 490 1718 tmu
510 1652 599 1718 re-su
621 1652 716 1717 assati
738 1652 838 1717 esitii
859 1654 960 1717 iar-tu
983 1654 1018 1717 sa
1039 1654 1106 1717 met
1126 1653 1273 1732 Sida-nu

415 1758 451 1820 ba
471 1758 558 1821 sarra
580 1776 642 1821 ana
662 1754 780 1821 Babilu
800 1755 909 1840 is-pur.
931 1758 1008 1820 dmu
1029 1757 1122 1820 suttu

415 1879 477 1923 ana
497 1857 568 1923 ekal
590 1858 667 1923 satri
690 1858 777 1924 eribd
800 1910 808 1924 .
834 1910 872 1924 ..

416 1998 444 2065 1.
467 1999 566 2084 suppl.
589 1998 735 2066 Strassm.
756 2037 799 2047 -
821 2000 851 2064 2.
875 1998 977 2083 suppl.
1001 1997 1148 2065 Strassm.
1174 2038 1215 2047 —
1236 1999 1266 2063 3.
1287 2000 1387 2083 suppl.
1410 1996 1562 2066 Andreas.
1581 2040 1613 2050 —

330 2103 360 2168 5.
383 2100 607 2188 Strassmayer:
629 2098 853 2169 lib-bi-su-nu?

853 2206 966 2274 Versio
988 2205 1103 2272 latina:

353 2309 382 2373 1.
415 2331 497 2376 anno
520 2310 560 2375 14
582 2313 664 2395 (τοῦ)
686 2311 811 2377 Umasu
832 2311 922 2376 euius
943 2310 1138 2376 Artaxerxes

412 2414 479 2479 eius
499 2435 613 2480 nomen
636 2414 847 2499 appellabant
891 2414 1004 2480 Mense
1026 2414 1109 2479 Tibri
1131 2413 1294 2498 (homines)
1322 2414 1408 2477 tantu
1430 2412 1512 2496 regis

417 2516 533 2584 Terrae
555 2517 690 2601 Sidonis,
711 2522 799 2583 §artu
819 2517 994 2603 Babylonis
1016 2524 1048 2583 et
1069 2517 1155 2583 urbis
1178 2516 1279 2584 Susae

416 2668 545 2689 .....
567 2622 720 2688 Eiusdem
741 2622 856 2688 mensis
878 2622 929 2687 13.
951 2621 1002 2687 die
1024 2621 1165 2687 homines
1187 2620 1338 2685 militares
1361 2618 1496 2684 humiles

355 2724 385 2789 5.
418 2775 425 2789 .
449 2776 457 2791 .
480 2777 488 2792 .
510 2775 518 2791 .
539 2725 681 2792 bi-duuu
702 2726 900 2812 Babylonem
922 2725 1127 2790 intraverunt

420 2828 468 2894 16.
490 2829 541 2894 die
563 2830 699 2895 feminas
721 2830 822 2895 enstti
843 2827 927 2913 (τοῦ)
950 2831 1038 2893 sarta
1060 2832 1162 2892 terrae
1185 2825 1312 2892 Sidonis

490 2934 573 3017 regis
594 2932 793 3018 Babylonem
815 2932 907 2999 misit
952 2930 1078 2997 lisdem
1103 2930 1213 2995 diebus

490 3036 523 3101 in
545 3035 674 3102 domum
696 3037 779 3121 regis
800 3037 998 3102 intraverunt
1019 3084 1026 3098 .
1052 3085 1059 3100 .
1083 3084 1091 3099 .
1114 3088 1121 3100 .

418 3330 471 3397 lin.
494 3334 524 3401 1.
569 3333 719 3401 Dubitari
751 3355 815 3400 non
842 3339 955 3419 potest,
986 3333 1063 3418 quin
1095 3332 1129 3396 in
1161 3330 1254 3396 titulo
1287 3329 1483 3395 Artaxerxes
1510 3326 1632 3394 Oohus

334 3442 602 3503 commemoretur.
645 3437 787 3502 Primum
810 3438 893 3503 enim
921 3436 989 3502 fieri
1011 3456 1075 3502 non
1100 3439 1219 3520 potest,
1254 3439 1293 3499 ut
1314 3434 1511 3498 Artaxerxes
1543 3430 1572 3513 Ι,
1604 3435 1635 3495 ut

335 3536 570 3627 Strassmayero
591 3542 692 3607 vuum
716 3547 771 3624 est,
799 3541 925 3608 Umasu
946 3539 1131 3626 appelletur.
1175 3538 1260 3604 Nam
1291 3559 1329 3603 ex
1358 3535 1459 3602 titulis
1481 3556 1502 3601 a
1525 3533 1635 3601 Struss·

333 3662 461 3726 mayero
491 3644 603 3720 (Actes
629 3643 691 3711 No.
713 3645 764 3727 23,
793 3645 844 3727 25,
866 3644 919 3727 26,
941 3642 1080 3725 29-30)
1112 3642 1205 3708 editis
1235 3646 1369 3726 apparet
1391 3639 1602 3704 Artaxerxem
1621 3636 1638 3700 I

334 3766 398 3810 non
421 3744 552 3829 Umasu,
586 3748 643 3814 sed
672 3752 724 3814 sar
755 3749 865 3814 mutati
888 3748 1061 3834 (dominum
1094 3746 1199 3831 (orbis)
1227 3746 1393 3828 terrarum)
1416 3742 1637 3826 cognominari.

335 3847 418 3913 Tum
427 3849 536 3915 tabula
547 3850 684 3933 quadam
699 3852 909 3918 astronomiae
918 3852 1068 3934 mussas)
1081 3871 1165 3915 anno
1177 3847 1239 3915 351
1253 3869 1359 3932 regem
1368 3846 1539 3912 Persarum
1549 3865 1642 3929 quen-

336 3968 410 4034 dam
432 3991 590 4054 regnasse,
611 3973 699 4038 cuius
714 3995 888 4058 cognomen
909 3994 967 4057 per
989 3971 1115 4038 eosdem
1138 3991 1254 4036 euneos
1284 3955 1409 4069 ciffi:
1444 3952 1518 4067 *fil
1554 3950 1643 4073 ΞΠ

335 4091 480 4157 scribitur
500 4113 539 4157 ao
560 4114 617 4159 rex
636 4094 670 4157 in
685 4093 777 4159 titulo
792 4115 888 4179 supra
910 4094 1008 4159 allato
1023 4096 1294 4159 oommemoratus.
1338 4090 1437 4154 Anno
1454 4088 1517 4154 351
1541 4094 1648 4153 autem

336 4192 462 4260 Oohum
494 4216 644 4280 regnasse
676 4219 715 4263 ex
750 4219 869 4263 canone
899 4196 1094 4262 Ptolemaioo
1127 4201 1267 4280 apparet.
1310 4192 1438 4258 Deinde
1473 4190 1650 4257 seeundum

335 4297 499 4363 Andream
530 4301 696 4367 verisimile
718 4307 767 4367 est
787 4302 911 4368 Umasu
931 4301 982 4366 vel
1004 4300 1149 4366 Umuasu
1172 4302 1265 4383 (quae
1291 4296 1395 4363 forma
1423 4317 1463 4361 ex
1483 4294 1539 4361 illo
1565 4314 1652 4363 orna

336 4399 428 4467 Elias
459 4401 647 4471 Nisibiensis
685 4427 837 4490 apparere
870 4404 1004 4486 videtur)
1038 4403 1117 4467 nihil
1146 4424 1213 4470 esse
1242 4402 1303 4467 nisi
1333 4400 1469 4466 formam
1491 4398 1655 4485 integram

423 4629 450 4699 1)
468 4613 672 4689 Forsohungen
692 4638 715 4675 z.
735 4638 760 4677 a.
782 4620 884 4676 Geseh.
906 4637 934 4690 p.
952 4616 1014 4674 466.

423 4720 450 4788 2)
470 4718 664 4784 Strassmayer
689 4730 715 4782 p.
734 4710 788 4766 282
806 4710 1022 4780 inseriptionem
1040 4704 1242 4762 ArtaxerxisI
1267 4720 1329 4758 esse
1357 4700 1431 4755 dixit
1459 4716 1583 4770 eamque
1603 4701 1662 4770 sig·

337 4808 478 4864 nifieavit:
497 4808 552 4861 Ein
572 4806 673 4859 lrurzer
691 4801 810 4856 Berioht
829 4800 899 4854 iiber
918 4802 999 4853 einen
1018 4797 1127 4851 Einlall
1146 4796 1176 4849 in
1194 4793 1332 4861 Babylon.

425 4898 453 4965 3)
471 4897 675 4963 Strassmaym,
695 4893 723 4946 Z.
743 4892 762 4944 f.
781 4888 984 4958 Assyriologie.
1023 4886 1085 4951 VII,
1105 4902 1132 4956 p.
1151 4882 1204 4937 199
1214 4900 1277 4953 sqq.
