3650 5709
800 419 1012 483 „20-

254 601 445 692 αἰτιώμενοι
468 606 525 673 καὶ
548 592 638 674 οὗτοι
662 606 719 674 τὸν
740 607 850 690 δίμον,
873 597 925 673 ὅτι
941 602 1222 689 Λακεδαιμονίοις
1243 601 1565 687 καταδουλουμένοις

253 710 312 801 τὴν
327 706 597 800 Πελοππόνηοον
619 704 727 787 είίνοος
746 706 773 774 τ’
798 708 868 775 ἐστὶ
891 708 950 775 καὶ
973 712 1152 796 συγκροτεῖ,
1175 698 1290 786 αὐτοῖς
1311 706 1347 773 δὲ
1369 706 1447 793 περὶ
1470 702 1564 771 ἐλεο-

253 810 369 900 erutae
397 814 584 898 antepedes
607 812 814 879 ἐναντιοῦται.
870 812 994 878 Eodem
1023 818 1163 897 tempore
1192 833 1263 877 oum
1293 813 1389 896 legati
1420 809 1564 893 Philippi

254 918 431 1002 epistulam,
464 940 559 1001 quam
588 916 790 1000 Hegesippus
822 936 1067 981 commemorare
1089 916 1183 981 modo
1204 915 1347 995 vidimus,
1382 912 1564 980 Athenien·

256 1020 341 1086 sibus
363 1020 540 1101 detulerint,
561 1020 753 1103 Argivorum
777 1026 810 1084 et
823 1019 1053 1085 Messeniorum
1075 1019 1196 1103 legatos
1211 1017 1357 1083 Athenos
1372 1017 1564 1102 pervenisse.

256 1123 393 1208 Quando
426 1124 458 1188 id
490 1124 610 1188 factum
640 1120 709 1188 est?
754 1122 977 1207 eomparanda
1006 1128 1092 1205 sunt,
1124 1143 1205 1206 quae
1236 1121 1407 1207 Dionysius
1429 1119 1564 1202 affert¹);

254 1222 337 1309 perd
366 1220 398 1290 δ’
424 1216 554 1312 Ἀρχίαν
583 1224 672 1291 ἐστίν
694 1218 870 1309 Edenates,
902 1216 974 1292 εἶτα
995 1222 1174 1306 Λυκίσκος,
1202 1218 1253 1312 ἐφ’
1278 1212 1316 1290 οὗ
1338 1221 1397 1313 τὴν
1418 1218 1564 1310 ἑβδόμην

254 1330 318 1392 τῶν
355 1328 580 1394 Φιλιππικῶν
615 1329 823 1418 δημηγοριῶν
861 1326 995 1395 διέθετο
1028 1322 1116 1410 πρὸς
1146 1325 1206 1405 τὰς
1236 1326 1273 1393 ἐκ
1307 1321 1564 1413 Πελοποννήσου

256 1429 413 1517 πρέσβεις
432 1427 554 1519 κοίτην
576 1428 635 1520 τὴν
657 1425 757 1519 α’ρχὴν
781 1428 1019 1520 ποιησάμενος·
1051 1427 1163 1511 Ὅταν,
1188 1424 1214 1496 ὦ
1238 1423 1351 1519 ἄνδρας
1371 1425 1563 1519 Ἀθηναῖοι,

256 1533 348 1621 λόγοι
371 1531 551 1620 γίγνωνται.
603 1535 697 1621 Quod
725 1536 894 1622 Dionysius
920 1537 1091 1603 secundam
1117 1535 1329 1620 Philippicam
1360 1556 1445 1601 anno
1467 1534 1564 1615 34413

258 1639 400 1704 habitam
423 1660 491 1705 esse
513 1645 615 1723 putat,
636 1660 698 1705 non
722 1661 876 1722 curamus,
898 1639 1112 1725 quaerendum
1133 1645 1240 1705 tamen
1262 1645 1317 1722 est,
1340 1640 1454 1724 quade
1466 1660 1565 1704 causa

256 1744 289 1809 id
318 1743 438 1808 feeerit.
490 1742 572 1809 Oum
605 1744 638 1807 in
671 1743 810 1809 secunda
840 1743 1020 1828 Philippica
1052 1744 1170 1809 multae
1202 1765 1252 1809 res
1280 1744 1313 1807 in
1344 1743 1565 1828 Peloponneso

257 1851 364 1932 gestae
386 1852 563 1928 narrentur,
594 1847 764 1933 Dionysius
800 1852 842 1928 (et
875 1848 933 1913 viri
965 1848 1048 1913 docti
1076 1847 1204 1931 quidam
1233 1848 1413 1913 recentioris
1439 1846 1565 1928 aetatis)

257 1971 328 2016 eam
362 1954 471 2015 eontra
492 1949 790 2034 Peloponnesiorum
822 1950 943 2035 legatos
975 1950 1116 2017 habitam
1143 1972 1209 2016 esse
1239 1951 1380 2036 putabat.
1425 1950 1566 2034 Legatos

257 2058 363 2118 autem
387 2054 687 2138 Peloponnesiorum
714 2075 797 2120 anno
824 2054 920 2139 34413
944 2053 1090 2120 Athenas
1119 2054 1298 2139 pervenisse
1326 2054 1360 2118 in
1383 2051 1567 2118 Philochori

258 2156 424 2223 annalibus
446 2157 533 2223 libris
554 2163 716 2223 narratum
737 2158 857 2223 invenit
879 2158 1140 2242 grammaticum).
1195 2156 1317 2223 Elodem
1345 2178 1429 2223 anno
1461 2177 1500 2222 ac
1522 2155 1566 2220 le·

257 2261 343 2345 gatio
379 2260 648 2346 Peloponnesiaca
685 2262 856 2327 secundum
894 2261 1064 2327 Libanium
1101 2260 1240 2346 Philippi
1282 2260 1379 2346 legati
1415 2260 1568 2326 Athenas

257 2384 291 2429 se
306 2364 513 2446 contulerunt,
534 2365 588 2448 qui
609 2364 730 2430 litteras
747 2364 883 2448 Philippi
905 2363 1090 2446 conferrent,
1112 2369 1220 2429 contra
1243 2385 1322 2447 quas
1343 2362 1567 2448 Hegesippum

259 2468 430 2533 orationem
461 2468 606 2534 habuisse
636 2489 675 2533 ex
702 2469 770 2552 ipso
793 2468 920 2533 Libanii
941 2468 1119 2534 testimonio
1141 2472 1283 2533 constare
1305 2467 1398 2533 modo
1420 2467 1566 2533 vidimus.

260 2570 417 2654 Sequitur,
439 2577 475 2636 ut
494 2572 594 2637 oratio
610 2570 785 2655 Hegesippi
799 2571 893 2655 34413
916 2571 1025 2637 habita
1039 2572 1088 2637 sit
1121 2570 1357 2638 Confirmantur
1379 2592 1463 2655 ergo,
1484 2593 1569 2655 quae

259 2696 354 2758 supra
377 2674 416 2740 de
449 2674 598 2740 orationis
631 2695 714 2740 anno
746 2675 931 2741 dictasunt
976 2674 1058 2741 Oum
1091 2679 1197 2740 autem
1225 2676 1314 2759 quasi
1345 2674 1569 2758 disputationis

258 2777 500 2843 fundamentum
530 2799 648 2843 annum
682 2780 856 2844 orationum
885 2777 1058 2846 VIII-X
1080 2779 1252 2858 iecerimus,
1285 2778 1380 2844 etiam
1404 2800 1451 2858 ea,
1484 2799 1569 2863 quae

258 2882 298 2948 de
320 2882 495 2948 orationum
518 2881 688 2950 VIII-X
709 2883 901 2967 temporibus
923 2881 1140 2964 conclusimus,
1163 2881 1413 2965 comprobantur.

343 2985 491 3054 Vidimus
528 3007 602 3070 ergo
639 2985 805 3051 verisimile
842 3006 910 3052 esse
945 2985 1136 3070 legationem
1169 2985 1413 3051 Atheniensium
1450 2986 1483 3049 in
1523 3007 1568 3050 or.

258 3088 409 3153 VII-X
441 3095 716 3154 commemoratam
749 3089 881 3155 eandem
915 3110 983 3155 esse
1016 3094 1111 3173 atque
1143 3089 1240 3171 illam,
1274 3089 1362 3154 cuius
1391 3089 1425 3152 in
1447 3110 1491 3154 or.
1515 3088 1569 3155 VI

258 3193 376 3258 mentio
397 3192 446 3273 fit;
480 3213 564 3258 anno
595 3192 689 3277 34413
719 3192 903 3277 Philippum
932 3193 1239 3277 Peloponnesiosque
1269 3192 1416 3258 Athenas
1445 3192 1569 3277 legatos

258 3317 389 3362 mrsrsse.

345 3399 478 3482 Redeat,
500 3399 585 3465 unde
607 3399 763 3465 aberravit
784 3399 971 3483 disputatio:
1004 3404 1129 3465 rectene
1157 3398 1309 3464 libanius
1339 3404 1372 3463 et
1392 3399 1567 3484 Dionysius

257 3502 428 3568 orationem
442 3502 495 3571 VI
517 3509 625 3569 contra
639 3502 760 3587 legatos
776 3502 955 3588 aPhilippo
978 3509 1010 3569 et
1024 3502 1260 3587 Peloponnesiis
1281 3503 1391 3569 missos
1413 3504 1566 3587 scriptam

257 3627 323 3672 esse
345 3603 477 3671 dicunt?
520 3605 583 3675 Vel
614 3608 718 3691 potius
749 3606 964 3690 quaerendum
995 3612 1051 3689 est,
1086 3628 1127 3672 an
1158 3607 1254 3672 totius
1276 3606 1431 3673 Graeciae
1464 3611 1566 3672 status

257 3709 366 3776 eodem
388 3711 482 3776 modo
505 3715 537 3776 et
558 3710 698 3776 oratione
720 3710 772 3779 VI
794 3717 826 3776 et
848 3711 988 3777 oratione
1009 3710 1080 3780 VH
1102 3707 1317 3776 describatur?
1361 3709 1427 3776 Res
1457 3710 1564 3794 dispu-

257 3813 376 3878 tatione
398 3818 478 3897 eget.
522 3811 588 3879 Suo
610 3814 694 3879 enim
716 3814 783 3879 iure
807 3812 943 3879 Weilius
964 3813 1082 3896 dicit³):
1117 3812 1310 3879 L'assertion
1338 3813 1378 3879 de
1400 3812 1565 3896 Libanius,

256 3916 335 3981 ainsi
367 3938 428 4000 que
451 3916 528 3982 celle
551 3917 590 3981 de
612 3916 735 4003 Dionys
764 3939 804 3983 ne
833 3938 943 4002 reposo
969 3916 1208 4001 probablement
1234 3938 1295 4003 que
1317 3938 1371 3982 sur
1392 3939 1455 3982 une
1479 3938 1564 3983 com-

256 4018 408 4085 binaisou.
452 4019 515 4085 Les
537 4019 701 4086 historiens
723 4020 816 4105 qu'ils
837 4021 965 4087 avaient
986 4041 1058 4087 sous
1079 4020 1126 4086 les
1146 4042 1229 4106 yeux
1250 4041 1290 4085 ne
1309 4020 1461 4086 faisaient
1489 4043 1565 4086 sans

256 4121 350 4188 doute
384 4144 506 4190 aucune
539 4125 679 4189 mention
712 4124 847 4208 spe‘ciale
880 4124 921 4191 de
941 4126 974 4190 la
995 4124 1130 4191 seconde
1152 4123 1352 4209 Philippique
1382 4124 1422 4190 de
1444 4125 1564 4191 Demo·

255 4226 373 4294 sthene.

341 4333 393 4396 Ex
408 4332 557 4398 orationis
573 4330 622 4399 VI
637 4332 678 4398 28
698 4333 871 4398 orationem
887 4333 1036 4418 scriptam
1052 4353 1119 4398 esse
1134 4337 1274 4416 apparet,
1295 4337 1339 4414 ut,
1360 4332 1436 4417 quid
1450 4332 1567 4416 legatis

255 4434 443 4517 quibusdam
478 4435 617 4502 Athenis
653 4436 850 4502 versantibus
893 4436 1134 4521 respondeatur,
1178 4441 1359 4520 exponatur.
1419 4436 1566 4501 Primum

255 4539 468 4622 quaerendum
490 4545 546 4621 est,
579 4561 599 4604 a
626 4561 687 4624 quo
709 4540 806 4625 legati
835 4540 882 4605 illi
904 4539 1052 4606 Athenas
1074 4540 1160 4605 missi
1181 4540 1253 4622 sint,
1280 4539 1320 4605 de
1342 4561 1404 4624 qua
1426 4560 1460 4604 re
1481 4539 1567 4604 inter

343 4697 369 4767 1)
388 4697 425 4751 ad
443 4696 535 4752 Amm.
554 4697 579 4765 1,
598 4698 640 4752 10.

361 4786 370 4855 )
389 4803 523 4857 quaeres
542 4785 617 4841 infra
636 4789 674 4856 (p.
693 4786 739 4855 40)
759 4786 978 4841 demonstranda
996 4785 1062 4840 erit.

361 4875 440 4944 lhos
459 4874 628 4945 Harangues
647 4892 674 4949 p.
694 4874 754 4942 215,
772 4873 799 4934 4,

343 4785 360 4838 2

342 4874 359 4929 3
