3650 5709
874 430 1086 501 ηε...

329 647 409 713 quae
439 623 544 702 adhuc
571 621 735 691 offensioni
764 631 868 707 erant,
899 646 985 690 nune
1013 624 1146 710 Didymi
1177 620 1256 710 περί
1285 621 1523 714 Δημοσθένους
1553 622 1635 692 libro

327 734 453 796 invento
474 729 702 813 intellegimtur
722 734 755 793 et
776 728 980 813 explicantur,
1002 749 1098 811 quam
1121 750 1186 795 rem
1209 728 1330 794 Koerte
1350 729 1371 796 l.
1395 751 1421 797 c.
1445 729 1598 813 exposuit

412 832 555 899 Primum
577 832 635 898 viri
656 832 740 897 docti
760 832 793 895 in
816 831 861 897 eis
883 830 1097 913 offenduntur,
1127 831 1211 915 quod
1240 830 1340 897 multa
1368 834 1401 897 in
1431 832 1574 898 oratione
1596 830 1636 895 X

327 936 509 1022 imperfecta
531 957 569 1002 ac
590 935 778 1001 adumbrata
805 934 952 1000 videntur
979 956 1055 1000 esse.
1101 935 1150 1000 At
1177 935 1321 1018 equidem
1352 936 1507 1002 assentior
1530 934 1634 999 Wila-

327 1040 493 1122 mowitzio,
525 1039 578 1123 qui
608 1038 683 1103 dicit
693 1041 729 1121 1):
763 1037 826 1103 Die
841 1037 1005 1103 'moderne
1027 1037 1234 1122 Verweriung
1264 1043 1316 1119 (sc.
1340 1040 1490 1105 orationis
1512 1038 1562 1121 X)
1593 1038 1634 1102 ist

327 1146 396 1209 eine
410 1142 595 1227 Ausgehurt
616 1140 672 1205 der
693 1139 889 1205 fanatischen
911 1140 1163 1225 Bewunderung,
1184 1141 1236 1208 die
1258 1142 1329 1207 dem
1349 1142 1486 1224 Redner,
1510 1140 1633 1207 Staats-

326 1267 422 1312 mann
451 1245 517 1311 und
538 1243 714 1310 Menschen
736 1243 969 1311 Demosthenes
997 1268 1058 1311 nur
1085 1245 1256 1311 oratoriseh
1283 1245 1350 1311 und
1376 1245 1545 1312 moralisch
1575 1266 1633 1309 un·

326 1348 484 1417 strttfliche
513 1346 749 1414 Meisterwerke
778 1348 1019 1415 zuzuschreihen
1050 1354 1159 1433 wagte.
1210 1348 1293 1414 Tum
1323 1354 1430 1415 autem
1462 1348 1632 1414 dicendum

326 1459 373 1521 est
398 1452 493 1519 etiam
521 1451 555 1516 in
583 1451 725 1517 oratione
748 1450 852 1534 VIII,
884 1473 966 1536 quae
996 1473 1061 1519 non
1093 1453 1169 1519 satis
1198 1452 1354 1538 perpolita
1382 1473 1450 1519 esse
1477 1452 1633 1533 videntur,

324 1556 464 1623 inveniri.
508 1555 608 1622 Cuius
629 1554 674 1620 rei
697 1554 841 1639 exempla
863 1554 973 1622 afferre
995 1556 1096 1622 liceat

409 1658 509 1740 VIII,
530 1658 573 1723 24
599 1658 675 1724 dicit
704 1664 821 1724 orator:
848 1648 926 1724 Ὅτι
948 1654 1055 1725 τοίνυν
1076 1654 1209 1725 δύναται
1240 1661 1344 1725 ταῦτα
1366 1661 1492 1736 ποιεῖν,
1527 1653 1632 1736 ἐνίους

325 1765 448 1848 μαθεῖν
469 1757 565 1844 ὖμιῖν
585 1760 643 1826 δεῖ.
689 1761 775 1846 Quid
796 1762 852 1828 illa
873 1765 927 1846 (sc.
944 1763 1089 1848 primum,
1110 1764 1195 1847 quod
1210 1763 1423 1830 Athenienses
1445 1760 1630 1845 Diopithem

325 1888 389 1933 non
420 1867 580 1948 adiuvant,
611 1871 687 1947 tum,
715 1865 799 1948 quod
828 1865 998 1932 adversarii
1028 1888 1099 1932 eum
1129 1867 1371 1950 calumniantur)
1393 1865 1530 1947 valeant,
1556 1863 1630 1948 quid

324 1971 383 2037 sihi
404 1970 500 2036 velint
521 1968 703 2050 adversarii,
734 1969 906 2034 ostendam.
952 1970 1127 2054 Diopithes,
1156 1977 1193 2036 ut
1221 1970 1275 2036 alii
1296 1971 1508 2055 imperatores,
1535 1989 1629 2052 pecu·

324 2076 393 2140 nias
415 2073 456 2139 ad
478 2073 583 2156 copias
606 2072 735 2138 alendas
757 2094 777 2137 a
799 2073 890 2139 sociis
912 2073 1017 2158 exigit.
1062 2074 1144 2141 Oum
1167 2095 1315 2141 roseum
1338 2095 1401 2140 non
1431 2073 1631 2153 adiuvaretis,

324 2179 400 2263 quid
425 2176 566 2243 faceret?
609 2175 677 2259 (Ad
706 2177 840 2260 primam
871 2176 956 2242 illius
985 2176 1090 2242 ταῦτα
1118 2183 1240 2262 partem
1269 2177 1362 2243 rediit
1389 2179 1513 2261 orator).
1565 2174 1631 2241 Sed

324 2281 493 2348 adversarii
515 2280 568 2364 (ad
583 2279 716 2345 alterum
736 2279 819 2345 redit
832 2285 937 2345 orator
951 2281 1150 2357 sententiam)
1171 2281 1214 2363 id,
1235 2280 1319 2364 quod
1340 2280 1505 2364 Diopithes
1528 2279 1630 2345 facere

324 2390 452 2452 coactus
474 2389 533 2464 est,
558 2383 591 2447 in
614 2382 731 2447 malam
753 2388 876 2467 partem
898 2389 1024 2449 vertunt
1044 2384 1256 2450 exclamantes
1278 2404 1350 2449 eum
1371 2383 1465 2449 nrbes
1488 2382 1630 2450 Graecas

326 2488 367 2553 ad
389 2486 632 2571 Hellespontum
664 2486 740 2551 sitas
771 2507 990 2571 aggressurum
1022 2493 1054 2552 et
1081 2487 1275 2572 direpturum
1306 2508 1383 2553 esse.
1426 2486 1493 2551 Hic
1523 2491 1630 2552 antem

325 2590 562 2674 interrumpitur
583 2589 732 2655 orationis
754 2595 925 2655 contextus.
968 2589 1200 2657 Demosthenes
1221 2590 1280 2656 sihi
1293 2595 1505 2675 proposuerat,
1528 2595 1564 2655 ut
1585 2590 1631 2655 ita

325 2700 481 2779 pergeret:
506 2692 691 2758 Adversarii
712 2714 783 2758 cum
804 2692 1001 2777 impedirent,
1022 2714 1085 2777 quo
1106 2694 1209 2760 minus
1231 2693 1397 2778 Diopithes
1420 2693 1631 2775 adiuvaretnr,

325 2798 418 2866 urbes
440 2796 582 2865 Graecas
610 2796 743 2881 diripere
776 2817 849 2861 eum
878 2817 989 2881 cogere
1018 2797 1180 2879 volebant,
1212 2804 1248 2863 ut
1279 2799 1499 2881 imperatorem
1530 2796 1631 2862 eade

326 2922 423 2967 causa
454 2906 638 2967 accusarent
669 2900 865 2984 alterumque
896 2901 929 2965 in
952 2900 1195 2985 Hellespontum
1229 2902 1390 2967 mitterent
1418 2901 1545 2984 ducem,
1577 2901 1632 2985 qui

325 3004 472 3090 Philippo
494 3004 595 3088 magis
616 3026 711 3087 quam
727 3002 895 3087 Diopithes
916 3005 1057 3070 serviret:
1079 3002 1136 3070 καί
1158 2994 1226 3091 τόγ’
1247 2998 1296 3082 είς
1317 3001 1374 3071 sev
1386 2998 1630 3094 Ἑλλήσποντον

325 3104 509 3192 ἐκπέμπειν
530 3103 639 3194 ἕτερον
661 3100 841 3194 στρατηγὸν
863 3096 953 3172 τοῦτ’
975 3102 1073 3174 ἔστιν.
1119 3106 1156 3175 Si
1176 3108 1237 3175 hoc
1265 3108 1358 3175 modo
1380 3110 1561 3191 sententias,
1594 3114 1632 3175 ut

325 3212 428 3294 decet,
459 3216 564 3277 orator
585 3210 810 3292 coniunxisset,
844 3210 863 3292 ξ
885 3210 928 3275 24
949 3212 1102 3295 promissa
1132 3201 1199 3295 (ὅτι
1226 3206 1335 3279 τοίνυν
1363 3208 1501 3277 δύναται
1522 3213 1631 3277 ccicc

324 3316 465 3381 ποιεῖν.
488 3362 496 3378 .
519 3363 525 3378 .
548 3316 566 3398 .)
587 3314 729 3380 fecisset:
761 3316 966 3398 exposuisset,
999 3315 1075 3398 quid
1105 3314 1288 3398 adversarii,
1315 3316 1423 3401 quiet
1445 3315 1631 3401 Diopithem

325 3439 389 3484 non
417 3418 603 3484 adiuvarent
631 3423 664 3482 et
691 3438 763 3482 eum
793 3417 1073 3500 calumniarentur,
1112 3419 1170 3484 sihi
1201 3419 1325 3485 vellent.
1392 3419 1631 3486 Sententiarum

325 3527 444 3604 autem,
484 3542 566 3606 quae
598 3520 733 3587 traditae
762 3526 848 3603 sunt,
888 3526 1052 3588 contextus
1081 3522 1327 3608 interrumpitur.
1392 3522 1503 3591 Verba
1534 3523 1631 3605 enim,

325 3646 406 3709 quae
428 3630 502 3692 sunt
521 3618 590 3710 τόγ’
614 3662 654 3672 -
677 3614 767 3689 τοῦτ’
790 3618 878 3690 ἔστιν
899 3625 941 3690 ad
962 3646 1009 3707 ea,
1031 3647 1112 3708 quae
1134 3632 1315 3710 sequuntur,
1341 3627 1450 3693 referri
1472 3648 1536 3693 non
1558 3647 1631 3711 pos·

324 3734 407 3795 sunt
450 3727 563 3812 Neque
592 3728 675 3793 enim
702 3728 846 3812 exposuit
872 3733 978 3795 orator
999 3728 1213 3796 Athenienses
1241 3730 1374 3796 alterum
1405 3731 1630 3815 imperatorem

273 3901 274 3904 ,
324 3832 358 3897 in
386 3831 630 3915 Hellespontum
659 3832 807 3897 missuros
836 3852 903 3898 ense
931 3853 1046 3916 neque,
1079 3833 1155 3916 quid
1185 3833 1219 3898 id
1250 3833 1366 3915 valeat,
1399 3834 1486 3900 dixit.
1544 3833 1630 3900 Rem

324 3940 430 4000 autem
451 3935 623 4019 expositam
646 3955 713 4001 esse
736 3956 775 4001 ex
792 3935 920 4001 vocibus
933 3929 997 4022 τόγ’
1022 3974 1064 3983 -
1084 3929 1184 4017 τοῦτ’,
1205 3958 1287 4022 qnae
1309 3937 1351 4003 ad
1366 3959 1413 4020 ea,
1433 3958 1515 4022 quae
1536 3959 1630 4022 prae·

323 4038 453 4121 cedunt,
474 4038 641 4104 referenda
667 4044 742 4105 sunt
762 4045 902 4123 apparet
944 4038 1053 4105 Etiam
1077 4061 1116 4106 ex
1136 4041 1184 4123 iis,
1204 4061 1286 4125 quae
1308 4046 1481 4126 sequuntur
1502 4036 1545 4125 (εί
1566 4040 1605 4127 ys*
1611 4067 1629 4126 ρ

323 4138 410 4207 δεινί
439 4144 534 4207 ποιεῖ
555 4136 747 4232 Διοπείθης
776 4137 855 4225 ντί.)
885 4142 1033 4209 lacunam
1064 4150 1187 4210 exstare
1218 4150 1358 4230 apparet
1402 4144 1484 4213 uum
1514 4151 1631 4228 orator,

323 4246 399 4330 quid
428 4244 607 4311 faciendum
638 4246 680 4312 sit
708 4244 970 4328 Atheniensibus,
1002 4253 1152 4331 exponat,
1183 4248 1377 4332 exposuisse,
1406 4248 1481 4332 qnid
1512 4248 1632 4315 facturi

323 4347 536 4415 Athenienses
564 4349 640 4431 sint,
669 4349 801 4415 videtin.
844 4348 980 4416 Hxstare
1008 4371 1083 4434 ergo
1111 4351 1234 4417 videtur
1259 4353 1279 4435 ἕ
1301 4352 1342 4417 27
1371 4352 1500 4434 lacuna,
1530 4358 1568 4418 ut
1596 4351 1632 4417 in

324 4452 465 4518 oratione
486 4451 640 4519 Midiana.
1663 4539 1665 4545 ,

408 4554 579 4623 Praeterea
600 4557 626 4623 si
648 4557 821 4623 orationem
843 4557 881 4622 X
903 4578 976 4623 cum
998 4558 1139 4624 oratione
1161 4557 1252 4628 VIII
1273 4579 1500 4643 comparamus,
1521 4557 1634 4625 multis

323 4656 400 4726 locis
420 4659 530 4742 verba,
558 4681 639 4745 quae
662 4666 694 4727 et
715 4662 749 4726 in
770 4662 911 4727 oratione
934 4660 1025 4729 VIII
1047 4667 1079 4727 et
1100 4662 1138 4727 X
1158 4662 1341 4744 traduntur,
1371 4662 1405 4727 in
1427 4662 1570 4727 oratione
1593 4659 1634 4727 X

413 4888 438 4959 1)
457 4888 578 4943 Aristot.
598 4906 626 4943 n.
644 4887 749 4942 Athen.
769 4887 798 4941 II
816 4888 877 4956 215,
896 4889 922 4942 5.
