3650 5709
697 501 910 567 „23-

143 690 213 756 und
235 688 437 754 Xenocrates
458 688 509 753 bei
531 687 682 755 Hermiae
705 713 765 756 von
787 693 882 779 348)7
904 691 955 759 Ol.
973 691 1076 773 108,1
1099 689 1147 756 bis
1168 689 1264 776 34615
1278 688 1329 756 Ol.
1346 690 1452 772 108,3

144 794 213 859 und
234 792 303 859 ihre
325 793 442 857 Flucht
471 792 590 876 infolge
612 815 673 858 von
695 795 846 861 Hermiae
870 793 1153 879 Gesangennahme
1174 793 1245 859 sind
1266 794 1341 859 zwei
1361 793 1451 858 iiber·

144 897 271 962 lieferte
300 895 494 978 Tatsachen,
526 918 567 960 an
598 897 692 962 deren
717 899 1014 983 Glaubwiirdigkeit
1041 896 1130 962 nicht
1159 897 1306 981 geriittelt
1327 896 1452 962 werden

146 1002 254 1080 darf¹t
299 999 382 1067 Cum
406 1000 570 1065 Hermiam
594 1007 751 1068 mortuum
774 1025 843 1069 esse
863 1003 1003 1068 nondum
1023 1001 1063 1066 ab
1080 1000 1329 1066 Atheniensibus
1343 1021 1452 1083 accep·

145 1112 216 1170 tum
239 1125 315 1186 esse,
337 1104 433 1170 immo
454 1110 622 1188 tyrannum
646 1106 741 1190 paulo
764 1113 838 1172 ante
859 1113 987 1191 captum
1008 1127 1141 1189 eamque
1160 1105 1282 1170 obrem
1299 1104 1453 1188 quaestio·

145 1231 221 1274 nem
243 1208 382 1273 nondum
406 1207 545 1272 habitam
568 1230 634 1274 esse
657 1232 697 1274 ex
707 1209 922 1275 Demosthene
946 1215 1105 1293 appareat,
1128 1215 1184 1273 aut
1204 1208 1303 1273 oratio
1316 1206 1355 1272 X
1370 1227 1453 1271 auno

146 1314 213 1379 345
244 1314 416 1395 composita
448 1317 495 1377 est
526 1318 582 1377 aut
612 1312 763 1379 Hermias
784 1313 879 1399 34352
901 1314 1001 1378 victus
1023 1318 1079 1378 est
1123 1311 1205 1378 Oum
1232 1310 1312 1375 illud
1332 1311 1452 1374 factum

146 1436 218 1481 esse
240 1435 332 1479 nemo
354 1415 514 1495 concedat,
543 1415 688 1498 equidem
711 1416 754 1497 id,
782 1417 865 1500 quod
888 1417 972 1500 apud
996 1415 1185 1482 Strabonem
1207 1415 1357 1498 scriptum
1377 1413 1454 1497 legi·

147 1540 229 1599 mua,
252 1516 440 1584 Strabonem
462 1518 564 1602 ipsum
587 1520 755 1585 coniecisse
777 1521 962 1604 putaverim.
996 1519 1163 1584 Hermiam
1184 1519 1267 1583 enim
1283 1539 1346 1582 non
1371 1538 1454 1581 anno

148 1623 215 1688 345
242 1627 369 1705 captum
397 1642 465 1686 esse
488 1643 586 1687 exeo
615 1630 759 1706 apparet,
791 1625 875 1707 quod
904 1622 1084 1688 Mentorem
1113 1623 1261 1707 Aegypto
1293 1621 1456 1687 subacta

148 1725 268 1790 bellum
292 1730 401 1790 contra
422 1724 587 1789 Hermiam
611 1726 743 1809 gessisse
766 1733 929 1809 constat¹)‚
962 1727 1145 1812 Aegyptum
1168 1731 1273 1791 autem
1296 1747 1359 1791 non
1381 1730 1455 1790 ante

149 1850 268 1894 annum
291 1828 355 1892 345
385 1834 530 1912 pacatam
562 1850 629 1894 esse
651 1830 815 1895 verisimile
838 1837 893 1897 est.
949 1829 1022 1914 Qua
1056 1830 1096 1895 de
1116 1851 1151 1895 re
1173 1829 1263 1895 nobis
1285 1828 1456 1913 disputatio

149 1932 247 1997 etiam
269 1932 338 1996 aliis
360 1932 399 1996 de
422 1932 531 2013 causis,
552 1938 589 1997 ut
608 1932 739 2014 videtur,
761 1933 846 1998 utilis
860 1934 1055 1998 instituenda
1069 1939 1124 2014 est,
1145 1954 1336 2016 quamquam
1351 1934 1457 2013 timeo,

149 2059 191 2102 ne
220 2037 254 2100 in
284 2036 445 2101 hominum
475 2035 671 2120 quorundam
701 2058 866 2101 numemm
895 2037 1047 2118 incidam,
1077 2035 1117 2101 de
1146 2035 1259 2119 quibus
1279 2035 1327 2100 vir
1346 2035 1457 2101 doctus

151 2139 344 2207 Gutschmid
366 2140 458 2204 dixit:
488 2140 552 2204 Die
577 2138 813 2206 Grenzmarken
837 2140 893 2205 der
913 2139 1105 2206 klassischen
1128 2139 1194 2204 und
1217 2136 1456 2204 orientalischen

150 2243 328 2327 Philologie
356 2243 426 2308 sind
455 2265 515 2308 von
538 2242 631 2328 jeher
658 2245 714 2309 der
742 2243 973 2328 Tummelplatz
1004 2243 1148 2327 gewisser
1176 2241 1278 2307 Lente
1306 2263 1457 2326 genesen,

151 2349 204 2413 die
235 2369 289 2412 um
320 2346 382 2411 den
410 2346 598 2412 Konflikten
627 2348 685 2413 mit
706 2348 762 2413 der
792 2348 953 2432 gelehrten
975 2347 1093 2412 Polizei
1115 2346 1223 2412 beider
1245 2345 1379 2412 Gebiete
1401 2367 1458 2411 aus

151 2453 226 2517 dem
248 2450 352 2534 Wege
373 2473 412 2515 zu
435 2449 546 2534 gehen,
568 2451 635 2516 sich
657 2452 691 2515 in
708 2453 799 2536 jenes
815 2452 897 2537 Asyl
919 2450 1091 2535 gefliichtet
1111 2449 1215 2516 haben
1235 2449 1301 2515 und
1315 2447 1460 2514 vondort

151 2577 211 2621 aus
232 2554 295 2620 den
317 2553 550 2620 Biichermarkt
577 2556 635 2621 mit
661 2555 750 2621 ihren
773 2555 929 2621 obskuren
952 2555 1136 2620 Produkten
1163 2554 1459 2620 iiberschwemmen.

240 2658 427 2742 Priusquam
457 2659 624 2743 Aegyptus
654 2659 785 2725 subacta
814 2665 874 2740 est,
904 2659 979 2724 urbs
1010 2658 1200 2724 Phoeniciae
1224 2657 1323 2724 Sidon
1346 2679 1366 2722 a
1386 2678 1459 2740 rege

153 2763 322 2827 Persarum
344 2767 524 2846 expugnata
546 2768 602 2844 est,
623 2784 704 2847 quae
725 2784 774 2827 res
796 2762 901 2845 digna,
924 2783 1005 2845 quae
1021 2763 1224 2842 examinetur,
1246 2761 1460 2841 videturesse,

154 2866 248 2950 quod,
270 2865 467 2950 simulatque,
489 2887 551 2950 quo
574 2887 657 2930 anno
680 2865 779 2932 Sidou
802 2887 822 2930 a
843 2887 917 2949 rege
940 2864 1030 2931 Ocho
1051 2871 1231 2949 expugnata
1245 2865 1293 2945 sit,
1315 2862 1459 2929 enuclea-

152 2970 270 3051 vimus,
304 2971 492 3034 constitnere
522 2991 700 3054 possumus,
729 2969 841 3053 quibus
862 2968 1055 3053 temporibus
1075 2968 1173 3052 legati
1194 2968 1255 3050 illi,
1284 2966 1459 3051 dequibus

155 3073 250 3139 Diod.
273 3073 323 3154 16,
344 3073 396 3154 44,
419 3074 436 3138 1
461 3096 526 3157 sqq.
549 3079 665 3155 narrat,
686 3096 706 3138 a
727 3073 895 3138 Persarum
918 3094 992 3157 rege
1015 3071 1161 3138 Athenas
1183 3072 1269 3136 missi
1289 3072 1359 3135 sint.

240 3177 317 3244 Ern.
340 3177 484 3242 Babelon
513 3178 546 3241 in
576 3177 668 3259 libro,
700 3179 754 3261 qui
785 3177 966 3243 inscribitur
999 3176 1060 3243 Les
1082 3177 1193 3243 Perses
1223 3172 1456 3240 Achemenides

155 3281 258 3361 (Paris
282 3283 389 3363 1893),
412 3282 522 3348 seriem
545 3304 653 3366 regum
677 3281 877 3348 Sidoniorum
901 3304 940 3347 ex
961 3282 1111 3363 fontibus,
1139 3281 1201 3365 qui,
1222 3286 1259 3345 ut
1279 3278 1326 3343 ita
1347 3277 1460 3359 dicam,

154 3385 334 3450 tabularum
356 3387 456 3451 instar
476 3386 622 3451 videntur
643 3408 719 3467 esse,
740 3385 888 3451 hauriens
910 3386 1106 3469 constituit⁸t
1150 3383 1293 3450 Babelon
1316 3402 1461 3446 nummos

156 3487 321 3555 Sidonicos
349 3490 491 3554 inventos
518 3490 565 3554 ita
593 3490 738 3573 disponit,
769 3495 804 3554 nt
826 3495 946 3573 septem
968 3495 1074 3573 partes
1095 3489 1201 3554 factae
1223 3487 1294 3568 sint,
1316 3506 1461 3570 quarum,

154 3613 237 3676 quae
258 3592 485 3671 examinentur,
506 3592 643 3674 quinque
666 3592 780 3675 dignae
802 3613 871 3658 esse
892 3591 1056 3656 videntur:

243 3699 273 3774 1)
302 3693 422 3758 nummi
453 3692 565 3758 litteris
598 3714 662 3757 non
692 3694 848 3778 inscripti,
884 3715 976 3777 quos,
1013 3693 1063 3758 cui
1096 3692 1163 3776 regi
1195 3693 1354 3758 tribuendi
1389 3693 1461 3774 sint,

156 3799 320 3863 nescimus.

244 3899 275 3978 2)
298 3898 418 3963 nummi
440 3897 553 3963 litteris
576 3917 616 3963 :r
648 3897 803 3981 inscripti,
835 3919 892 3981 per
921 3899 1006 3981 quod
1038 3897 1256 3982 compendium
1290 3895 1461 3963 secundum

155 4001 300 4067 Babelon
324 4023 448 4084 nomen,
469 4002 553 4086 quod
576 4008 625 4068 est
647 4021 846 4082 ninus-ann,
871 4022 912 4066 sc
935 4022 1047 4066 nomen
1072 4002 1233 4068 cuiusdam
1257 4002 1347 4085 regis,
1369 4021 1461 4082 quem

157 4106 274 4173 Graeci
297 4105 478 4172 Stratonem
500 4106 660 4191 appellare
683 4105 836 4188 videntur,
858 4110 1001 4170 notatum
1025 4111 1088 4171 est..

241 4209 273 4292 3)
306 4211 426 4274 nummi
457 4210 528 4292 (No.
553 4209 791 4293 1574-1578),
822 4210 875 4294 qui
902 4214 935 4274 et
967 4208 1106 4274 numeris
1139 4209 1254 4291 1-4⁴)
1287 4213 1320 4272 et
1351 4206 1463 4271 litteris

158 4333 200 4378 nr.
234 4313 400 4398 significati
426 4316 502 4396 sint,
532 4336 588 4400 per
618 4336 696 4399 quas
728 4321 819 4381 notas
849 4335 966 4379 nomen
999 4331 1082 4378 pann
1115 4313 1287 4378 secundum
1319 4309 1462 4375 Babelon

157 4416 358 4500 significatur.
412 4417 499 4483 Hlud
538 4440 652 4484 nomen
686 4425 791 4484 autem
824 4418 908 4483 idem
942 4439 980 4482 ac
1015 4413 1134 4505 Τέννης
1168 4419 1272 4500 (quem
1303 4413 1463 4479 Diodorus

245 4611 271 4678 1)
291 4610 349 4664 Nec
373 4611 457 4664 aliter
484 4609 615 4664 Schaefer
633 4610 665 4663 1²
683 4609 748 4675 485,
777 4608 872 4676 Bergk
898 4608 971 4662 Mus.
997 4607 1086 4662 Rhen.
1105 4605 1149 4676 37,
1167 4607 1231 4675 359,
1260 4605 1464 4671 Dittenberger

157 4699 370 4856 8711353ίο5,
390 4787 455 4840 XVI
473 4786 516 4852 52,
536 4788 560 4839 1.
694 4788 722 4856 3)
741 4804 769 4856 p.
789 4784 926 4840 CLXXIX
945 4803 1006 4856 sqq.

244 4876 271 4943 4)
289 4875 426 4946 Equidem
445 4877 474 4929 in
494 4877 627 4941 nummis,
655 4893 724 4947 quos
743 4875 870 4932 Babelon
895 4875 925 4928 in
949 4875 1077 4944 catalogo
1096 4872 1240 4938 describit,
1264 4887 1318 4928 non
1338 4870 1395 4926 uisi
1414 4887 1465 4925 nu·

158 4981 248 5021 meros
268 4965 337 5019 1-3
356 4964 509 5038 inscriptos
529 4966 632 5020 inveni.
