3650 5709
857 427 1067 492 ,44-

400 616 475 701 Ipso
502 637 574 682 vere
604 616 668 682 343
696 638 751 681 rex
782 616 824 682 ad
851 615 1092 680 Atheniensium
1123 614 1313 698 legationem
1344 636 1492 701 responsa
1521 618 1589 692 dedit
1682 685 1688 696 ,

314 742 413 805 eaque
434 720 521 785 mitia
543 725 576 785 et
593 719 799 803 indulgentia,
819 739 1010 803 quamquam
1026 717 1247 801 Athenienses,
1270 719 1334 802 qui,
1354 725 1391 784 ut
1406 718 1588 805 Amphipolin

313 824 465 906 redderet,
486 823 726 908 postulaverant,
747 823 825 887 iram
848 822 931 905 regis
953 821 1134 906 gravissime
1160 821 1389 888 lacessiverant.
1433 820 1503 887 Rex
1518 828 1590 908 enin,

314 930 428 1013 quippe
449 927 503 1011 qui
524 926 557 990 in
579 925 746 991 Thraciam
767 926 964 1011 profecturus
986 930 1075 1006 esset,
1096 947 1146 991 res
1168 924 1210 990 ad
1232 946 1321 991 arma
1342 924 1456 992 deduci
1477 926 1589 998 nolebat
1698 934 1702 943 ⁴

315 1029 525 1115 Quamobrem
558 1030 604 1095 ita
633 1029 808 1115 respondit,
839 1035 876 1095 ut
896 1029 1053 1094 temerarii
1080 1028 1155 1094 belli
1177 1029 1347 1114 agitatores
1369 1049 1432 1094 non
1453 1027 1591 1119 haberent,

314 1157 369 1201 cur
396 1155 500 1218 regem
530 1133 769 1199 criminarentur
798 1134 981 1216 animosque
1011 1132 1256 1199 Atheniensium
1276 1133 1310 1197 in
1338 1153 1411 1198 eum
1440 1132 1591 1203 incitarent

314 1239 361 1304 Ut
383 1237 422 1303 de
444 1236 639 1319 Halonneso,
660 1258 755 1319 quam
778 1236 912 1302 insulam
929 1235 1178 1302 Atheniensibus
1192 1256 1226 1303 se
1241 1236 1389 1301 daturum
1404 1256 1472 1301 esse
1486 1234 1593 1326 duent

313 1342 352 1407 de
382 1340 525 1423 urbibus,
554 1361 632 1424 quas
664 1362 779 1425 arege
801 1346 872 1425 post
899 1361 1009 1425 pacem
1033 1339 1150 1405 tactam
1174 1344 1370 1425 expugnatas
1392 1361 1460 1405 esse
1481 1339 1594 1409 Atheni·

314 1466 403 1511 enses
429 1444 619 1527 dicebant1),
659 1443 698 1509 de
729 1443 872 1522 Oardia²l
904 1443 945 1508 ab
976 1443 1099 1509 arbitris
1130 1444 1356 1511 constituendis
1386 1442 1596 1533 diiudicaretnr,

314 1550 443 1635 rogavit.
490 1547 577 1632 Quin
603 1547 707 1629 etiam,
735 1553 772 1612 ut
800 1546 840 1613 de
869 1548 1055 1613 commercio
1084 1546 1204 1631 aliquid
1230 1548 1478 1629 constituerem,
1503 1569 1596 1634 prope
1704 1558 1707 1567 '

314 1654 414 1737 soih).
457 1651 543 1716 Eum
554 1651 770 1736 Amphipolin,
792 1650 899 1715 urbem
924 1651 1113 1735 gramsimis
1135 1650 1210 1716 belli
1232 1651 1384 1717 molestiis
1396 1656 1598 1738 expugnatam

314 1778 377 1823 non
407 1754 580 1821 reddidisse
610 1759 852 1820 consentaneum
876 1760 931 1820 est.
987 1754 1036 1819 At
1057 1754 1238 1839 priusquam
1260 1755 1294 1819 in
1316 1754 1486 1821 Thraciam
1508 1752 1599 1838 abiret,
1710 1793 1715 1825 ι

315 1858 561 1926 Atheniensibus
583 1858 615 1921 in
638 1858 707 1942 ipsa
728 1856 865 1924 Graecia
887 1857 1091 1924 difficultates
1119 1856 1231 1923 afferre
1257 1858 1439 1924 conabatur.
1481 1854 1601 1943 Accepit
1711 1866 1715 1928 t

315 1965 396 2031 enim
418 1961 467 2044 id,
495 1961 578 2045 quod
600 1960 813 2027 Athenienses
842 1961 1086 2045 postulaverant,
1113 1966 1149 2026 ut
1171 1960 1295 2038 Graeci,
1325 1962 1380 2045 qui
1405 1960 1531 2027 foedere
1548 1984 1601 2029 non
1714 1981 1715 2021 1

315 2068 561 2146 continerentur,
592 2063 681 2129 liberi
710 2070 827 2146 esseut,
858 2086 986 2148 remque
1014 2065 1047 2129 in
1077 2086 1167 2130 usum
1193 2087 1284 2131 suum
1308 2066 1470 2131 converh't.
1515 2065 1603 2133 Simul

315 2173 490 2239 enimcum
514 2167 654 2252 Philippi
682 2168 795 2251 legatis
817 2167 1047 2234 Messeniorum
1070 2168 1323 2253 Argivorumque
1353 2168 1451 2254 legati
1472 2168 1604 2237 Athenas

313 2277 531 2361 pervenerunt,
558 2271 613 2354 qui
634 2270 785 2355 populum
807 2272 1054 2353 criminarentur,
1077 2272 1160 2355 quod
1183 2271 1443 2339 Lacedaemoniis
1463 2271 1605 2358 Pelopon·

315 2401 424 2446 nesum
453 2374 701 2461 opprimentibus
722 2374 853 2457 faveret,
882 2375 941 2441 sibi
963 2381 1069 2441 autem
1091 2375 1131 2441 de
1151 2376 1296 2442 libertate
1319 2376 1541 2443 dimicantibus
1561 2378 1606 2443 ad·

316 2486 498 2548 versaretur.
541 2478 616 2544 Non
636 2478 703 2544 sine
725 2500 819 2544 cansa
840 2479 1053 2564 Hegesippus,
1074 2485 1110 2545 ιιι
1125 2479 1338 2547 Athenienses
1358 2501 1426 2546 rem
1446 2503 1468 2546 a
1490 2482 1609 2567 seipsis

316 2587 505 2672 propositam
527 2588 716 2664 recusarent,
737 2584 834 2648 suasit
855 2582 909 2666 (30
925 2586 1002 2666 sqq.)
1024 2604 1125 2667 neque
1146 2584 1319 2668 legationes
1334 2584 1611 2669 Peloponnesiacos

316 2711 380 2755 uno
408 2687 501 2754 verbo
531 2684 718 2770 perstrinxit.
763 2684 937 2769 Populares
958 2687 1092 2752 assecuti
1112 2693 1194 2769 sunt,
1220 2693 1256 2753 ut
1277 2687 1492 2755 Athenienses
1513 2710 1613 2756 omnes

318 2792 514 2860 condiciones
536 2810 556 2853 a
577 2787 724 2872 Philippo
751 2790 925 2873 propositas
953 2794 1169 2873 recusarem).
1213 2790 1379 2876 Philippus
1407 2813 1480 2857 cum
1502 2791 1615 2859 bellum

317 2896 455 2962 indicere
476 2892 582 2974 nollet,
603 2891 717 2976 agendi
738 2891 832 2957 finem
855 2892 929 2958 fecit
950 2914 1045 2977 seque
1065 2894 1099 2957 in
1123 2892 1291 2960 Thraciam
1313 2896 1455 2961 contulit.

403 3014 576 3100 Populares
591 3034 781 3096 quamquam
797 3014 941 3080 omnibus
964 3014 1079 3080 viribus
1093 3014 1209 3079 bellum
1232 3015 1333 3081 moliti
1354 3021 1454 3096 erant,
1475 3038 1545 3082 rem
1559 3039 1619 3084 non

319 3119 454 3189 assecuti
479 3138 593 3183 novam
615 3116 696 3181 riam
724 3116 855 3201 ingressi
876 3123 957 3182 sunt.
1000 3117 1169 3202 Diopithes
1191 3139 1274 3184 anno
1295 3118 1390 3205 34312
1413 3119 1548 3188 ducibus
1568 3144 1621 3207 po

318 3224 489 3312 pularium,
520 3226 557 3285 ut
583 3219 715 3301 videtur,
736 3221 866 3286 consciis
893 3242 1004 3305 pacem
1032 3243 1180 3306 rumpens
1202 3222 1235 3287 in
1257 3222 1425 3288 Thraciam
1452 3225 1572 3291 invasit
1593 3231 1625 3292 et

319 3333 428 3395 contra
449 3325 497 3390 ius
520 3323 659 3389 divinum
682 3328 715 3388 et
734 3322 908 3389 humanum
929 3323 1069 3409 legatum
1090 3330 1122 3389 et
1135 3326 1281 3390 nuntium
1295 3325 1434 3411 Philippi
1448 3326 1625 3413 intercepit

321 3431 486 3514 Philippus
506 3448 697 3510 quamquam
719 3432 817 3492 totam
834 3426 1002 3493 Thraciam
1023 3428 1056 3492 in
1072 3450 1161 3494 suam
1176 3434 1363 3512 potestatem
1378 3430 1521 3496 nondum
1536 3432 1626 3497 rede·

320 3539 410 3619 gerat
432 3570 472 3581 -
494 3536 578 3596 terra
599 3551 697 3614 usque
727 3529 769 3595 ad
796 3530 940 3597 Hebrum
972 3537 1004 3597 et
1025 3532 1167 3597 Tonzum
1197 3532 1328 3598 fiumina
1358 3533 1491 3600 subacta
1514 3540 1629 3601 contra

270 3672 277 3684 ·
320 3635 491 3724 Byzantios
518 3633 773 3718 proficiscebatur
795 3673 847 3716 —,
868 3657 902 3700 se
931 3635 1178 3702 Atheniensibus
1206 3636 1324 3702 bellum
1353 3636 1516 3703 illaturum
1551 3660 1629 3722 esse,

321 3742 381 3807 nisi
407 3738 466 3805 sibi
488 3737 712 3819 satisfacerent,
742 3739 865 3823 scripsit
891 3742 973 3823 (vere
997 3739 1080 3823 342).
1113 3740 1269 3806 'Ultimum
1298 3740 1417 3822 divites,
1446 3747 1484 3806 ut
1512 3763 1629 3827 pacem

321 3847 547 3923 conservarent,
568 3842 701 3907 assecuti
722 3847 803 3907 sunt.
848 3842 1016 3926 Diopithes
1038 3863 1121 3909 anno
1143 3843 1237 3930 34211
1257 3865 1320 3909 ιιοιι
1335 3843 1439 3910 denuo
1454 3844 1632 3930 imperator

321 3947 422 4013 factus
443 3950 498 4011 est.
541 3944 664 4010 Tamen
684 3944 847 4028 prohibere
870 3966 933 4010 non
953 3951 1128 4030 potuerunt,
1150 3947 1226 4030 quin
1241 3947 1371 4030 Chares,
1392 3947 1442 4013 cui
1457 3948 1632 4033 populares

320 4051 480 4131 favebant,
500 4051 533 4113 in
555 4048 797 4133 Hellespontum
820 4050 1003 4114 mitteretur.

406 4152 618 4218 Athenienses
645 4152 720 4217 belli
746 4152 883 4237 periculo
912 4153 1067 4236 perterriti
1097 4152 1287 4219 intellexisse
1309 4154 1456 4220 ridentur
1476 4176 1520 4237 se,
1556 4177 1633 4221 cum

322 4279 431 4324 omnes
464 4255 619 4322 Graeciae
650 4256 791 4321 civitates
822 4254 960 4340 Philippi
991 4257 1160 4322 amicitiam
1191 4263 1403 4341 sequerentur,
1440 4256 1635 4325 infirmiores

323 4382 400 4442 esse,
427 4381 521 4443 quam
551 4365 587 4424 ut
614 4358 730 4424 bellum
761 4360 916 4444 suscipere
937 4366 1073 4443 possent
1117 4358 1330 4444 Quamobrem
1357 4361 1460 4427 denuo
1483 4362 1635 4428 civitates

324 4464 465 4531 Graecas
486 4462 545 4528 sibi
566 4463 732 4528 conciliare
754 4462 958 4529 conabantur.
1014 4466 1087 4547 Ipso
1116 4485 1189 4529 vere
1216 4464 1280 4530 342
1308 4463 1342 4529 in
1371 4463 1633 4549 Peloponnesum

323 4567 419 4652 legati
439 4566 600 4649 miserunt,
627 4568 704 4650 quin
732 4567 827 4632 etiarn
859 4565 969 4633 foedus
999 4587 1069 4632 cum
1101 4566 1248 4653 Philippo
1269 4570 1367 4634 ictum
1388 4565 1534 4652 frangere
1559 4570 1638 4636 ausi

412 4795 438 4864 1)
457 4796 510 4849 VII
528 4796 563 4851 36
583 4813 625 4867 sq.
756 4795 782 4863 2)
803 4796 856 4849 VII
874 4797 909 4850 39
927 4814 969 4865 sq.
1099 4797 1127 4866 3)
1146 4797 1199 4852 VII
1217 4797 1234 4850 3
1253 4814 1313 4867 sqq.

412 4883 441 4950 4)
460 4901 502 4960 ep.
521 4885 595 4939 Phil.
615 4885 650 4939 18
670 4901 730 4954 sqq.
