3650 5709
695 493 907 559 „45-

150 687 218 749 sunt
240 687 274 747 et
294 678 465 763 Magnetes
487 677 720 764 Thessalosque
741 679 880 766 Philippi
908 681 1008 748 socios
1035 681 1077 747 ad
1103 680 1309 748 defectionem
1339 683 1454 750 sollici-

148 785 329 867 avemus).
373 782 594 868 Peloponnesii
616 783 657 850 ab
679 784 818 849 amicitia
841 783 988 869 Philippi,
1020 786 1074 869 qui
1095 785 1129 850 in
1151 783 1288 852 Thracia
1313 792 1454 856 versatus

147 886 212 952 usui
242 905 310 952 esse
340 906 404 951 non
437 884 611 967 videbatur,
642 885 813 952 desciscere
842 907 906 952 non
935 885 1132 969 dubitabant,
1160 887 1329 955 dummodo
1351 889 1461 957 Athe·

147 988 268 1054 aienses
300 1009 334 1054 se
364 993 475 1054 contra
495 987 765 1055 lacedaemonios
786 988 973 1055 dimicantes
999 989 1193 1056 adiuvarent
1237 989 1310 1075 Quo
1332 993 1454 1060 iactum

97 1082 100 1091 ’
147 1097 198 1173 est,
226 1096 264 1157 ut
293 1111 401 1157 mense
428 1090 530 1157 Junio
551 1091 615 1157 342
643 1092 857 1158 Athenienses
880 1098 912 1158 et
933 1092 1079 1159 &cades
1100 1099 1134 1159 et
1153 1093 1267 1178 Argivi
1288 1102 1322 1161 et
1341 1095 1454 1181 Mega·

145 1193 292 1279 inpolitae
307 1199 340 1259 et
353 1193 505 1260 Messenii
519 1193 629 1260 foedus
643 1195 769 1277 inirent,
783 1195 834 1260 cui
848 1216 882 1261 se
896 1195 1109 1262 adiunxerant
1124 1197 1284 1280 Corinthii,
1300 1198 1455 1282 Thebani,

146 1296 247 1379 laod,
261 1295 396 1378 Achaei,
411 1295 592 1382 Byzantio,
606 1298 652 1363 ita
663 1303 699 1363 ut
707 1298 758 1364 16.
771 1297 822 1364 die
843 1298 959 1364 mensis
973 1299 1228 1366 Anthesterionis
1239 1301 1303 1368 340
1315 1301 1454 1370 Athenis

148 1399 311 1467 concilium
334 1398 565 1466 foederatorum
587 1399 685 1468 fieret

233 1501 406 1586 Philippus,
448 1503 502 1586 qui
536 1525 607 1570 vere
643 1505 718 1570 anni
746 1505 810 1571 342
840 1510 950 1571 contra
983 1504 1155 1592 Byzantios
1187 1509 1344 1591 profectus
1377 1514 1454 1590 erat,

145 1608 176 1673 in
197 1605 369 1672 Thraciam
394 1606 670 1690 septenhionalem
702 1614 735 1674 et
763 1608 893 1675 fortasse
915 1614 1003 1675 trans
1024 1608 1187 1675 Haemum
1217 1611 1303 1677 abire
1325 1618 1453 1678 coactus

146 1731 212 1777 csse
234 1707 392 1791 videturb.
438 1706 533 1792 Quod
554 1731 610 1776 rex
632 1710 715 1776 bello
738 1710 885 1777 Threicio
906 1712 1084 1796 implicatus
1106 1720 1183 1796 erat,
1203 1714 1237 1778 in
1258 1736 1349 1780 usum
1361 1736 1454 1781 suum

146 1812 358 1878 Athenienses
380 1811 591 1893 conferebant
612 1819 649 1878 ut
670 1813 822 1880 Euboeae
843 1814 936 1881 urbes
963 1836 1069 1881 secum
1099 1816 1311 1884 conciliarent
1354 1819 1453 1886 Anno

146 1915 239 1998 34211
271 1914 383 1980 foedus
410 1936 482 1980 cum
505 1915 763 1983 Chalcidensibus
785 1917 902 1984 factum
933 1922 989 1999 est,
1015 1919 1202 2003 quibuscum
1224 1941 1332 1987 mense
1353 1921 1454 1988 Junio

146 2017 206 2085 341
237 2016 357 2084 Oreum
390 2017 610 2084 liberavenmt
669 2018 751 2085 (lum
787 2020 949 2087 Clitarcho
981 2021 1155 2088 Erchiensi
1184 2023 1320 2107 pnimum
1340 2025 1454 2091 foedus

145 2122 296 2202 inierunt,
326 2126 410 2202 tum,
450 2122 534 2205 quod
568 2123 613 2188 eis
645 2144 709 2188 non
737 2123 1000 2208 obtemperavisse
1031 2125 1170 2208 videtus,
1204 2131 1356 2193 autumno
1388 2128 1451 2194 341

147 2230 314 2310 tyrannum
337 2224 530 2308 expulerunt

230 2325 317 2394 Vere
338 2327 402 2392 339
424 2328 558 2394 navibus
579 2329 731 2396 onera1iis
752 2352 772 2396 a
795 2329 944 2415 Philippo
966 2330 1066 2414 captis
1087 2330 1205 2396 bellum
1229 2334 1351 2400 exarsit

234 2520 261 2588 1)
279 2518 381 2574 Aesoh.
400 2519 426 2587 3,
445 2519 480 2574 83
499 2521 532 2574 cf.
554 2521 643 2576 schol.
772 2522 801 2589 2)
821 2522 880 2577 vita
899 2522 926 2576 X
944 2540 984 2578 or.
1002 2540 1030 2594 p.
1050 2523 1124 2579 851⁸.

232 2607 262 2678 3)
282 2609 316 2664 ef.
337 2608 469 2663 Schaeler
487 2608 530 2662 11¹
548 2609 601 2664 449
620 2613 650 2664 et
669 2627 739 2680 quae
759 2611 792 2665 de
811 2612 943 2680 Polyaen.
962 2610 988 2678 4,
1006 2612 1032 2678 2,
1051 2611 1087 2667 20
1106 2613 1179 2667 dicit
1198 2629 1225 2683 p.
1245 2612 1307 2682 618,
1327 2614 1352 2668 2.
