3650 5709
816 438 1007 501 ..9-

257 660 350 725 quem
372 642 459 722 solet,
480 640 625 707 faciebat.
670 638 736 708 Sed
757 645 853 708 etiam
870 644 980 727 prima,
1002 667 1097 728 quam
1111 645 1284 728 ingreditur
1304 649 1352 712 vir
1372 648 1491 733 doctus,
1513 649 1566 716 via

257 766 328 810 eum
350 746 439 828 sequi
459 766 588 829 nequeo,
624 741 659 809 A
681 767 731 811 me
753 748 921 831 impetrare
942 769 1005 813 non
1026 769 1161 832 possum,
1182 755 1219 814 ut
1240 752 1411 817 orationem
1433 754 1466 817 in
1491 775 1564 819 eon-

257 849 342 913 tione
363 847 504 913 habitam
525 870 593 914 esse
615 848 748 914 credam.
1554 849 1557 856 ’

343 952 463 1017 Tamen
485 954 613 1036 primae,
635 974 730 1036 quam
751 954 872 1038 profert
892 955 1139 1039 explicationem,
1170 955 1289 1042 aliquid
1310 958 1375 1022 veri
1396 960 1497 1023 inesse
1519 960 1563 1024 vi-

256 1055 355 1120 detur.
401 1057 419 1138 §
444 1058 506 1121 104
528 1055 692 1122 Midianae
713 1056 944 1123 Demosthenes
975 1065 1084 1124 narrat
1104 1058 1241 1125 Midiam
1266 1062 1447 1145 propinquis
1469 1064 1563 1127 truci-

256 1158 322 1223 dati
344 1157 508 1224 Nicodemi
532 1181 643 1223 aurum
665 1158 822 1241 obtulisse,
851 1166 888 1227 ut
910 1161 1157 1228 Demosthenem
1184 1164 1267 1228 inter
1288 1166 1415 1229 sicarios
1437 1187 1562 1231 accusa

255 1268 334 1344 rent,
357 1284 437 1345 quae
459 1284 509 1328 res
532 1264 551 1346 ξ
576 1265 635 1328 107
659 1265 837 1329 testimonio
858 1265 956 1329 allato
978 1266 1189 1330 confirmatur.
1242 1266 1365 1333 Eodem
1386 1268 1454 1334 loeo
1477 1272 1563 1354 (107)

255 1365 485 1431 Demosthenes
507 1365 627 1431 scribae
648 1368 789 1451 imperat,
810 1373 847 1433 ut
867 1368 977 1450 legem,
999 1390 1079 1452 quae
1100 1375 1149 1434 est
1170 1366 1250 1456 περὶ
1270 1366 1393 1457 δώρων,
1414 1374 1563 1457 perlegat,

254 1469 339 1553 quod
371 1472 390 1553 ξ
415 1472 475 1535 113
498 1470 623 1535 demum
645 1470 693 1534 fit
736 1470 975 1554 Exspectamus,
1003 1472 1087 1555 quod
1115 1494 1276 1558 nunquam
1297 1477 1563 1559 praetermittitur,

255 1572 503 1639 Demosthenem
525 1575 736 1658 expositurum
760 1595 836 1655 esse,
871 1574 1025 1658 quomodo
1046 1574 1103 1639 illa
1123 1575 1174 1640 lex
1195 1575 1237 1640 ad
1258 1575 1394 1641 Midiam
1415 1599 1562 1644 accusan-

254 1674 330 1741 dum
352 1677 529 1752 {referenda
559 1678 608 1759 sit,
640 1678 824 1761 praesertim
856 1698 927 1742 cnm
959 1699 993 1743 re
1027 1679 1046 1761 ξ
1071 1680 1132 1742 104
1155 1700 1199 1762 sq.
1229 1678 1408 1745 brevissime
1435 1690 1564 1748 narrata

253 1780 356 1845 multa
377 1782 615 1862 intercesserint,
637 1782 683 1846 ita
703 1787 748 1862 ut,
769 1802 832 1864 qua
853 1781 893 1846 de
914 1802 948 1845 re
977 1787 1097 1864 agatur,
1118 1802 1218 1865 paene
1240 1781 1329 1847 obliti
1350 1784 1454 1849 simus.
1498 1784 1564 1851 Sed

253 1889 379 1949 tantum
400 1883 498 1965 abest,
518 1890 555 1950 ut
570 1890 676 1949 orator
688 1886 733 1949 rei
747 1884 950 1969 explicandae
964 1886 1068 1968 gratia
1082 1884 1200 1969 aliquid
1218 1885 1323 1967 addat,
1338 1893 1374 1951 ut
1395 1887 1437 1952 ad
1449 1907 1563 1954 novam

254 1984 376 2053 Midiae
398 1988 545 2053 iniuriam
574 1994 722 2063 transeat.
772 1986 882 2052 Etiam
911 1987 1111 2053 scholiastam
1139 2009 1190 2053 res
1219 1987 1363 2055 offendit.
1408 1989 1498 2075 Quae
1521 1992 1562 2057 ad

254 2111 321 2155 rem
342 2092 560 2175 explicandam
582 2092 687 2173 affert,
720 2111 812 2156 nemo
834 2091 1054 2175 comprobabit
1121 2091 1186 2157 Res
1208 2093 1355 2177 explicari
1376 2114 1440 2158 non
1460 2101 1565 2179 potest

253 2196 314 2259 nisi
346 2217 386 2260 ex
413 2195 595 2279 imperfecto
627 2196 776 2260 orationis
811 2200 904 2260 statu.
963 2194 1098 2261 Constat
1127 2196 1211 2260 enim
1240 2197 1322 2261 inter
1342 2197 1425 2262 viros
1455 2199 1563 2264 doctos

254 2299 426 2364 orationem
447 2320 608 2383 nunquam
629 2297 779 2380 habitam
810 2299 904 2362 immo
935 2319 975 2363 ne
997 2298 1169 2382 perfectam
1190 2299 1316 2382 quidem
1337 2322 1405 2365 esse
1431 2323 1562 2386 eamque

254 2401 294 2466 ob
325 2423 392 2468 rem
423 2403 539 2468 multas
570 2403 701 2467 inveniri
733 2403 871 2483 lacunas,
907 2401 1024 2467 ordinis
1045 2402 1303 2486 perturbationes,
1335 2402 1563 2488 dittographias

253 2529 335 2591 quae
356 2508 542 2590 vocantur1).
594 2504 806 2590 Quamobrem
838 2507 991 2570 assentior
1011 2504 1138 2586 Weilio,
1178 2507 1232 2589 qui
1254 2505 1344 2572 dicit:
1385 2505 1563 2592 Quoiqu'en

254 2610 321 2675 dise
342 2610 372 2674 le
394 2609 568 2690 scholiaste,
598 2629 639 2672 on
661 2615 737 2693 peut
758 2609 855 2674 croire
877 2630 937 2693 que
963 2608 1113 2674 l’orateur
1134 2612 1189 2673 etit
1209 2610 1314 2694 ajoutai
1336 2610 1484 2694 quelques
1507 2633 1561 2695 pa·

253 2714 335 2777 roles
357 2719 447 2796 apres
469 2713 502 2776 la
520 2712 638 2777 lecture
660 2713 699 2778 de
714 2718 795 2778 cette
817 2713 868 2794 loi,
890 2712 941 2777 s’il
963 2714 1049 2777 avait
1068 2714 1128 2776 mis
1149 2712 1183 2776 la
1202 2712 1343 2777 derniere
1364 2714 1449 2777 main
1472 2720 1562 2779 ason

253 2816 402 2881 discours.
444 2814 567 2880 Eodem
588 2816 680 2881 modo
701 2815 817 2880 lemma
848 2816 960 2881 tertiae
982 2816 1178 2899 Philippicae
1205 2837 1285 2899 quae
1307 2822 1489 2881 numeratur
1509 2840 1562 2883 ex·

253 2918 434 3001 plicandum
455 2940 523 2984 esse
545 2918 673 2984 videtur.
719 2917 755 2984 Si
777 2919 1008 2984 Demosthenes
1036 2920 1248 2984 recensionem
1274 2919 1379 2985 codice
1408 2923 1438 2983 Σ
1465 2922 1562 2987 tradi·

253 3028 320 3087 tam
341 3021 456 3105 publici
476 3024 553 3088 iuris
566 3021 700 3103 fecisset,
721 3021 845 3087 tabulas
866 3024 975 3106 paucis
997 3025 1220 3107 interpretatam
1241 3029 1324 3088 esset
1345 3022 1454 3088 verbis.
1496 3022 1562 3089 Ne·

254 3147 314 3208 que
336 3128 420 3191 enim
452 3127 519 3190 sine
547 3147 642 3191 causa
662 3125 815 3191 Weilium
847 3125 996 3208 offendit,
1027 3125 1111 3210 quod
1131 3125 1257 3191 tabulae
1279 3125 1319 3190 ab
1351 3128 1418 3210 ipso
1440 3133 1562 3193 oratore

254 3250 362 3313 neque,
393 3234 430 3294 ut
451 3228 523 3293 fieri
553 3229 641 3310 solet,
674 3251 695 3293 a
716 3228 818 3294 scriba
838 3230 1047 3313 perlegantur.
1090 3229 1283 3294 Intexuisset
1306 3228 1431 3294 tabulas
1453 3229 1562 3311 eodem

253 3333 346 3398 modo
368 3333 401 3397 in
423 3333 570 3413 oratione,
602 3352 665 3416 quo
686 3333 814 3398 titulum
835 3334 869 3397 in
891 3334 1044 3415 columna,
1076 3354 1157 3419 quae
1184 3334 1217 3396 in
1239 3354 1310 3397 arce
1332 3338 1453 3398 statuta
1484 3340 1561 3416 erat,

254 3438 437 3521 inscriptum
469 3438 638 3521 intexuits).
694 3434 898 3523 Quocumque
929 3437 1022 3503 modo
1055 3457 1105 3501 res
1135 3457 1168 3501 se
1189 3435 1293 3517 habet,
1326 3436 1403 3501 mihi
1435 3437 1561 3521 quidem

253 3562 292 3605 ex
314 3542 360 3622 iis,
382 3561 462 3624 quae
484 3540 585 3620 attuli,
608 3561 757 3623 apparere
778 3540 902 3605 videtur
915 3539 1051 3605 formam
1072 3541 1105 3604 in
1122 3540 1189 3605 cod.
1212 3542 1241 3602 Σ
1259 3540 1409 3605 traditam
1430 3539 1471 3605 ab
1493 3542 1561 3625 ipso

253 3650 375 3709 oratore
396 3665 567 3727 numquam
588 3642 706 3708 editam
727 3644 880 3708 escriniis
901 3649 974 3727 post
994 3645 1061 3709 eius
1075 3649 1208 3708 mortem
1230 3644 1262 3707 in
1283 3644 1385 3708 lueem
1406 3644 1560 3728 prolatam

252 3768 321 3812 esse
343 3747 453 3812 eodem
473 3746 566 3811 modo
589 3766 626 3811 ac
646 3745 833 3811 Midianam.
878 3745 1035 3831 Sequitur,
1067 3753 1104 3812 ut
1128 3767 1192 3811 non
1213 3745 1317 3811 forma
1338 3746 1453 3812 codicis
1475 3750 1504 3810 Σ
1522 3769 1561 3813 ex

252 3851 356 3915 forma
370 3850 511 3915 οοάἱοωη
526 3848 627 3913 AFY
638 3855 809 3915 retractata
831 3851 886 3931 sit,
910 3850 966 3916 sed
987 3858 1024 3916 ut
1043 3850 1267 3932 additamenta,
1289 3850 1401 3934 quibus
1422 3851 1560 3915 recensio

254 3953 356 4019 AFV
386 3958 479 4019 aucta
510 3959 567 4035 est,
604 3952 644 4018 ab
679 3959 801 4019 oratore
833 3953 945 4020 addita
975 3955 1047 4035 sint,
1085 3953 1169 4039 quod
1205 3955 1269 4018 iam
1301 3975 1357 4037 per
1386 3974 1419 4018 se
1455 3954 1560 4018 verisi-

252 4056 327 4120 mile
349 4060 433 4139 θεῖ’).

340 4268 367 4338 1)
387 4269 422 4323 cf.
440 4268 525 4323 Blass
543 4268 586 4322 111
605 4269 639 4323 1¹
657 4286 684 4339 p.
702 4267 756 4323 332
770 4286 831 4340 sqq.
874 4271 922 4325 lvo
940 4270 1043 4338 Bruns,
1063 4268 1090 4324 d.
1109 4271 1169 4325 litt.
1188 4267 1305 4325 Poterat
1324 4288 1351 4341 p.
1369 4268 1493 4341 dddsqq.

341 4358 368 4429 2)
387 4358 425 4411 lx
442 4356 530 4429 42sq.
549 4359 579 4413 et
597 4357 664 4411 XIX
682 4356 792 4428 271sq.

340 4446 368 4518 3)
387 4447 425 4501 cf.
442 4464 514 4518 quae
533 4447 655 4518 Spengel
672 4446 805 4517 exposuit
823 4446 843 4501 l.
862 4464 885 4502 c.
904 4465 932 4519 p.
948 4446 1010 4503 114.
