3650 5709
822 221 1035 287 ...29-

250 402 404 473 nominis
428 406 548 474 Persici
581 406 766 493 babylonica
795 428 927 490 versam,
960 410 1049 474 cuius
1074 408 1176 493 prima
1206 432 1287 495 pars,
1318 433 1398 495 quae
1428 420 1477 480 est
1501 415 1580 481 Bab.

251 505 356 573 Umu
389 542 433 565 =
466 510 554 577 Pers.
590 509 687 579 Vahu
724 544 758 565 =
795 510 910 579 Graec.
941 500 1054 593 Ὦχος,
1087 532 1201 578 nomen
1239 507 1494 600 ὑποκοριστικόν
1526 523 1581 584 est

253 609 418 695 Umastu)
456 614 551 698 igitur
582 614 632 679 vel
664 614 831 698 Umuastu)
864 615 1038 680 secundum
1071 615 1237 681 Andream
1270 646 1305 673 =
1331 610 1482 695 Εἴπολις
1514 641 1582 686 esse

253 714 405 783 videtur.
429 756 471 767 —

356 820 413 887 lin.
435 821 465 886 2.
509 821 633 888 amelu
655 825 778 888 tartuz
801 825 888 889 §artu
904 829 952 888 est
966 823 1166 906 magistratus
1182 823 1286 908 regius
1309 829 1411 890 terrae
1432 824 1583 891 Sidoniae

254 925 462 1011 praefectus.
486 926 591 991 amelu
613 932 661 992 est
682 926 966 1008 determinativum,
987 926 1071 1010 quod
1093 932 1229 992 vocatur.

360 1028 417 1093 lin.
440 1029 470 1095 5.
514 1032 629 1096 tumn
651 1029 779 1115 syllabis
800 1029 922 1096 suffixis
943 1050 1092 1095 numerus
1113 1029 1244 1113 pluralis
1266 1031 1430 1097 indicatur.

360 1131 414 1197 lin.
437 1133 467 1198 6.
512 1136 619 1198 tartu
651 1134 781 1200 fortasse
803 1133 977 1200 subiectum
1001 1133 1085 1198 verbi
1106 1133 1193 1217 itpur
1218 1139 1273 1199 est.
1317 1134 1448 1219 Itaque:
1485 1138 1584 1221 magi·

255 1238 392 1303 stratus
427 1243 529 1302 terrae
563 1237 714 1304 Sidoniae
746 1239 925 1323 praefectus
953 1238 1038 1302 misit
1066 1237 1215 1318 feminas,
1244 1259 1326 1321 quae
1357 1239 1450 1304 verbo
1482 1244 1585 1308 ensati

258 1339 373 1421 (quod
396 1340 524 1405 verbum
547 1340 624 1425 quid
646 1341 810 1426 significet,
831 1363 894 1406 non
916 1340 1024 1425 liquet)
1048 1340 1306 1407 determinantur.

363 1550 453 1615 Ante
486 1572 625 1616 mensem
656 1551 738 1617 uini
772 1553 821 1617 14.
853 1553 927 1617 anni
950 1552 1136 1617 Artaxerxis
1165 1553 1185 1616 i.
1207 1573 1233 1617 e.
1257 1558 1331 1617 ante
1352 1574 1491 1618 mensem
1514 1552 1585 1620 Oct.

262 1652 351 1717 anni
385 1652 449 1718 345
484 1652 635 1720 Sidonem
672 1662 883 1741 expugnatam
918 1677 984 1721 esse
1018 1678 1056 1721 ex
1088 1656 1189 1739 prima
1221 1656 1302 1720 tituli
1335 1656 1420 1721 linea
1448 1663 1587 1741 apparet

263 1753 380 1820 Linea
411 1756 494 1822 enim
530 1758 603 1843 2sq.
637 1760 711 1825 eto
740 1760 941 1844 magistratus
969 1760 1073 1841 regius
1103 1765 1206 1824 terrae
1229 1758 1379 1826 Sidoniae
1408 1763 1587 1843 praefectus

265 1866 548 1943 commemoratur,
570 1863 635 1927 etl.
652 1864 749 1947 6sqq.
780 1863 971 1929 Phoenissae
992 1864 1025 1927 in
1041 1861 1167 1927 domum
1191 1862 1273 1947 regis
1291 1862 1458 1928 Persarum
1473 1865 1587 1929 missae

267 1982 345 2027 esse
369 1970 545 2031 narrantur.
586 1965 675 2050 Quas
697 1967 832 2033 feminas
855 1968 881 2032 si
903 1967 1044 2051 captivas
1067 1988 1134 2032 esse
1157 1988 1320 2051 ponamus.
1343 1965 1443 2032 Sidon
1467 1973 1586 2033 aestate

266 2064 326 2129 vel
349 2071 502 2133 autumno
524 2068 588 2134 345
610 2076 791 2155 expugnata
811 2071 859 2137 sit.

365 2168 447 2236 cum
469 2169 635 2237 Hermiam
665 2179 798 2240 exeunte
826 2174 889 2241 343
919 2173 979 2256 (vel
1001 2174 1129 2238 ineunte
1151 2170 1226 2252 342)
1257 2192 1340 2236 anno
1372 2172 1487 2237 victum
1521 2194 1588 2238 esse

270 2271 445 2338 verisimile
477 2275 533 2357 sit,
565 2277 733 2363 Aegyptus
766 2283 837 2362 post
858 2282 1045 2343 autumnum
1067 2275 1131 2341 345
1159 2280 1191 2340 et
1220 2280 1294 2339 ante
1316 2279 1500 2340 autumnum
1523 2275 1587 2341 343

273 2375 412 2441 subacta
433 2383 489 2443 est.
524 2378 619 2445 Nunc
640 2380 683 2462 id,
704 2382 789 2465 quod
812 2381 852 2446 ab
876 2381 1071 2466 Hieronymo
1094 2378 1243 2444 traditum
1267 2385 1315 2443 est
1335 2378 1518 2464 Aegyptum
1543 2379 1584 2445 15

276 2500 363 2546 anno
386 2480 572 2549 Artaxerxis
603 2486 622 2548 i.
647 2506 672 2551 e.
695 2506 778 2550 anno
800 2485 864 2551 344
886 2485 1049 2550 subactam
1072 2504 1147 2564 esse,
1177 2482 1309 2548 alicuius
1339 2482 1487 2546 momenti
1520 2503 1587 2547 esse
1657 2480 1664 2492 ’

276 2582 412 2651 videtur.
456 2585 585 2652 Mentor
606 2590 689 2653 enim
711 2588 751 2654 ad
775 2589 941 2654 Herrniam
963 2587 1123 2672 pervenire
1145 2608 1278 2669 eumque
1310 2607 1421 2670 capere
1444 2606 1507 2652 non
1528 2607 1583 2669 po-

279 2687 341 2751 tuit
375 2688 433 2754 nisi
464 2689 568 2774 aliquo
600 2693 747 2776 temporis
767 2693 869 2777 spatio
898 2692 1073 2757 intermisso
1104 2696 1175 2774 post
1196 2690 1381 2774 Aegyptum
1415 2688 1590 2768 subactam,

279 2789 326 2853 ita
348 2795 384 2856 ut
405 2813 467 2857 non
489 2793 581 2879 longe
604 2816 710 2862 avero
725 2795 834 2862 abesse
856 2796 1026 2876 videamur,
1048 2794 1272 2878 siAegyptum
1287 2792 1351 2858 344
1372 2797 1584 2876 expugnatam

281 2911 350 2959 esse
371 2896 524 2979 ponimus.

369 2997 473 3067 Valde
497 3002 616 3086 dubito,
636 3004 854 3089 anJudeich1)
877 3003 1051 3070 Phoenices
1073 3005 1105 3066 et
1126 3000 1258 3086 prrios
1280 3000 1342 3064 iam
1366 3020 1449 3064 anno
1471 2997 1588 3082 351)50

283 3107 389 3174 Idn'co
411 3130 514 3173 rerum
536 3130 658 3174 summa
677 3110 777 3193 potito
798 3108 998 3175 rebellionem
1020 3105 1133 3171 fecisse
1156 3103 1342 3187 Oohnmque
1364 3124 1448 3167 anno
1470 3101 1532 3165 349
1555 3102 1589 3165 in

284 3214 487 3280 Phoeniciam
510 3215 686 3298 pervenisse
716 3218 748 3278 et
776 3212 851 3278 inde
873 3212 993 3296 legatos
1022 3212 1055 3273 in
1079 3209 1248 3276 Graeciam
1277 3207 1398 3272 misisse
1420 3212 1506 3271 recte
1528 3211 1591 3271 sta·

284 3323 386 3388 tuerit.
441 3316 559 3401 Quaeri
590 3318 672 3381 enim
706 3322 815 3400 potest,
838 3316 913 3399 quid
936 3313 1010 3379 inde
1041 3314 1081 3377 ab
1104 3332 1187 3377 anno
1209 3310 1327 3391 351)50
1349 3330 1449 3392 usque
1471 3308 1513 3373 ad
1537 3329 1592 3373 an-

285 3447 361 3490 num
384 3424 446 3489 346
482 3422 602 3486 factum
635 3420 684 3484 sit
742 3418 911 3483 Praeterea
944 3439 983 3482 ex
1015 3416 1106 3480 titulo
1139 3414 1193 3480 illo
1221 3413 1302 3480 OIA
1325 3412 1363 3476 II
1386 3412 1448 3477 108
1470 3416 1597 3476 constat

286 3528 499 3592 Athenienses
529 3523 618 3588 initio
652 3522 727 3586 anni
759 3521 823 3587 349
847 3521 1000 3587 Orontem
1033 3518 1205 3598 adiuvasse,
1238 3516 1305 3599 regi
1328 3536 1403 3598 ergo
1425 3513 1593 3580 Persarum

287 3651 371 3695 anno
393 3628 456 3695 349
478 3626 620 3691 inimicos
641 3624 743 3691 fuisse.
779 3623 946 3708 Quomodo
968 3630 1073 3688 autem
1096 3622 1216 3686 factum
1239 3626 1295 3701 est,
1317 3624 1353 3683 ut
1376 3617 1597 3698 Athenienses,

286 3735 340 3818 qui
363 3731 427 3800 350
449 3731 499 3796 vel
521 3729 584 3795 349
606 3751 639 3795 se
661 3751 731 3795 oum
756 3750 829 3813 rege
851 3727 1021 3793 Persarum
1054 3725 1224 3791 amicitiam
1246 3728 1370 3788 acturos
1391 3742 1459 3787 esse
1481 3720 1594 3804 promi-

287 3841 406 3918 serant,
448 3834 559 3901 eodem
592 3839 732 3918 tempore
762 3832 829 3916 regi
856 3831 974 3895 inimici
1004 3835 1107 3895 essent
1136 3834 1357 3911 satrapumque
1389 3823 1597 3890 rebellantem

289 3934 498 4005 adiuvarent?
542 3937 655 4021 Legati
677 3958 752 4020 ergo
773 3934 814 4000 ab
837 3933 928 4001 Ocho
951 3933 1049 3998 multo
1070 3936 1141 4016 post
1163 3930 1250 3995 missi
1272 3934 1355 3994 sunt.

376 4031 541 4127 Quando?
586 4041 719 4108 Constat
740 4038 942 4119 Phocionem,
976 4058 1047 4101 cum
1071 4034 1179 4121 Cyprii
1210 4032 1412 4098 rebellionem
1443 4031 1598 4110 fecissent,

289 4148 383 4214 rebus
411 4146 506 4231 gestis
526 4143 711 4211 interfuisse.
764 4142 903 4208 Phocion
927 4146 1032 4205 autem
1066 4138 1140 4203 inde
1170 4157 1284 4202 avere
1307 4136 1397 4217 348³)
1430 4154 1528 4217 usque
1558 4132 1599 4198 ad

290 4256 478 4317 autumnum
510 4251 599 4330 348³)
637 4248 755 4316 bellum
790 4250 899 4313 contra
932 4244 1025 4310 urbes
1058 4242 1236 4307 Euboeicas
1266 4239 1369 4323 gessit.
1424 4236 1600 4306 Verisimile

380 4500 406 4569 1)
427 4517 453 4569 p.
474 4497 524 4552 171
544 4500 580 4552 et.
601 4499 663 4555 174.
806 4492 989 4565 2)ef.Wei1‚
1010 4491 1178 4559 Harangues
1198 4487 1250 4543 163
1265 4504 1306 4557 sq.

380 4590 411 4660 3)
427 4587 580 4642 ct'Aesch.
606 4588 779 4660 2,12sqq.:
808 4584 906 4638 Pacem
928 4599 989 4636 cum
1010 4580 1128 4635 urbibus
1148 4576 1296 4632 Euboeicis
1317 4576 1454 4628 autumno
1482 4570 1536 4625 343
1563 4586 1601 4622 sc.

291 4680 377 4752 paulo
397 4683 462 4732 ante
482 4678 641 4747 Olynthum
662 4686 772 4757 captam
792 4675 898 4729 factam
917 4689 978 4727 esse
997 4671 1064 4725 inde
1085 4671 1211 4740 apparet.

1354 4768 1372 4822 3
