3650 5709
831 217 1043 281 ..41-

242 400 419 495 putabat
442 400 640 486 (Orationem
663 422 771 468 rereva
792 403 855 469 352
877 403 1010 469 τε1351
1033 404 1180 489 scriptam
1202 426 1269 471 esse
1291 405 1446 490 vidimus.)
1469 405 1583 490 Neque

248 502 372 576 aliter
394 504 435 571 de
457 506 598 571 oratione
620 527 677 589 pro
699 504 977 590 Megalopolitanis
998 506 1106 572 habita
1127 506 1329 573 iudicandum
1353 514 1407 574 est
1432 548 1472 557 —

365 609 397 673 2.
421 609 478 674 De
501 607 755 674 decadarchia
778 608 1012 675 Thessalica.
1059 609 1108 674 nx
1129 632 1175 692 eo,
1198 610 1282 694 quod
1298 610 1529 677 Demosthenes
1550 612 1584 676 in

251 712 422 779 oratione
442 712 493 781 VI
516 712 558 776 22
580 711 761 796 Philippum
782 714 816 775 in
838 711 1003 778 Thessalia
1024 712 1264 779 decadarchiam
1293 714 1488 780 constituisse
1514 736 1584 779 nar-

252 820 336 895 rat,
370 816 405 881 in
433 816 573 881 oratione
602 820 707 880 antem
730 814 787 879 IX
810 815 851 881 26
873 812 1057 900 τετραρχίαι
1083 822 1374 898 commemorantur,
1405 817 1464 882 riri
1493 817 1586 899 docti,

254 920 434 1001 imprimis
466 917 694 1001 Schaeierusl),
725 918 945 984 concluserunt
976 918 1158 1003 Philippum
1191 940 1275 984 anno
1309 919 1404 1002 34413
1436 920 1586 1004 (referunt

260 1042 325 1102 ea,
350 1044 434 1106 quae
456 1022 617 1088 Diodorus
639 1022 689 1103 16,
711 1022 752 1087 69
775 1021 815 1086 de
836 1022 977 1106 tyrannis
998 1022 1133 1106 expulsis
1154 1029 1262 1088 narrat
1283 1022 1324 1088 ad
1346 1022 1438 1089 Dem.
1460 1023 1513 1092 VI
1532 1024 1586 1108 22)

262 1123 444 1191 'Thessalis
462 1124 703 1190 decadarohiam
724 1124 915 1208 imposuisse,
934 1124 1028 1207 343)2
1044 1130 1149 1190 autem
1164 1125 1366 1190 tetrarchiam
1381 1126 1585 1192 constituisse.

266 1225 357 1311 Qua
380 1229 420 1294 de
435 1251 468 1295 re
484 1250 556 1294 oum
571 1228 662 1293 multi
684 1228 742 1291 viri
764 1227 848 1293 docti
870 1227 945 1292 inde
960 1248 980 1292 a
994 1226 1123 1293 Reiskio
1138 1226 1358 1308 dubitaverint,
1378 1250 1463 1294 nunc
1480 1229 1586 1313 aliquo

267 1332 376 1399 modo
399 1333 514 1398 certius
534 1331 674 1397 iudicare
695 1352 786 1415 posse
808 1330 958 1397 videmur.
1003 1330 1144 1396 Primum
1160 1330 1318 1412 miramur,
1339 1330 1432 1414 quod,
1454 1352 1525 1397 cum
1546 1333 1586 1398 de

271 1436 461 1502 tetrarchiis
476 1457 495 1501 a
510 1435 658 1519 Philippo
672 1435 848 1500 constitutis
863 1440 896 1499 et
916 1434 1017 1499 multa
1038 1434 1102 1499 alia
1121 1433 1238 1499 tradita
1260 1434 1323 1499 sint
1344 1440 1376 1499 et
1396 1435 1525 1500 nomina
1546 1457 1587 1501 sc.

270 1540 550 1622 manchiorum)
565 1543 597 1603 et
610 1538 873 1621 tetrarchoruml),
895 1532 1091 1623 δεκαδαρχία
1110 1558 1150 1602 ne
1165 1558 1229 1602 uno
1243 1536 1370 1622 quidem
1385 1537 1453 1603 loco
1463 1544 1589 1623 praeter

274 1642 377 1708 Dem.
400 1642 450 1711 VI
472 1642 514 1707 22
537 1647 806 1707 commemoratur.
852 1640 1021 1706 Praeterea
1041 1646 1161 1707 veteres
1176 1641 1373 1725 grammatici
1387 1662 1488 1726 neque
1502 1643 1588 1728 apud

275 1747 381 1813 alium
403 1747 529 1818 illorum
552 1751 727 1830 temporum
747 1745 930 1829 scriptorem
953 1766 1054 1829 neque
1067 1744 1152 1829 apud
1166 1744 1404 1829 Theopompum
1420 1746 1587 1830 quiequam

276 1849 322 1915 de
345 1849 515 1916 tetrarchia
537 1849 686 1914 traditum
708 1849 918 1914 inveniebant.
964 1848 1174 1933 Harpocratio
1194 1849 1276 1913 enim
1299 1871 1323 1915 s.
1338 1871 1366 1914 τ.
1392 1848 1588 1937 δεκαδαρχία

276 1952 372 2018 dicit:
411 1948 591 2029 Φίλιππος
611 1950 723 2034 μέντοι
746 1948 837 2038 παρὰ
864 1950 1041 2028 Θετταλοῖς
1070 1946 1282 2035 δεκαδαρχίαν
1314 1944 1351 2016 οὗ
1380 1949 1587 2041 κατέστησεν,

279 2050 328 2133 ὡς
343 2053 524 2142 γέγραπται
538 2052 571 2120 ἐν
585 2057 646 2119 τῶι
661 2050 688 2131 ς’
703 2054 920 2120 octrumum
931 2051 1173 2142 Λημοσθένους,
1189 2046 1273 2119 ἀλλὰ
1289 2052 1485 2140 τετραρχίαν.
1522 2056 1590 2123 Nos

281 2182 355 2228 oum
378 2160 551 2225 orationem
575 2158 663 2228 VIII
685 2180 756 2223 vere
778 2158 841 2223 342
864 2157 1005 2223 habitam
1035 2178 1118 2239 esse,
1150 2157 1332 2242 Philippum
1361 2179 1435 2241 ergo
1462 2158 1526 2224 343
1555 2160 1587 2224 in

283 2264 457 2329 Thraciam
487 2262 660 2347 proiectum
689 2284 765 2343 esse,
797 2283 869 2327 vere
896 2261 960 2327 343
991 2267 1024 2326 et
1051 2283 1093 2327 or.
1117 2261 1168 2330 VI
1197 2266 1229 2325 et
1261 2259 1329 2329 VII
1357 2260 1481 2328 habitas
1513 2284 1590 2345 esse,

283 2368 469 2453 Philippum
506 2387 580 2451 ergo
612 2366 707 2454 34413
739 2364 924 2431 tetrarchias
957 2364 1155 2430 Thessalicas
1184 2364 1380 2430 constituisse
1414 2364 1590 2447 viderimus,

284 2472 474 2555 quaerimus,
496 2469 622 2554 quando
643 2469 810 2553 Philippus
831 2467 1072 2536 decadarchiam
1094 2468 1282 2534 constituere
1303 2464 1464 2552 potuerit?
1510 2468 1589 2535 Rem

285 2580 360 2639 ante
389 2595 507 2638 annum
530 2573 624 2655 34413
653 2574 772 2638 iactam
803 2592 869 2637 esse
897 2576 1010 2656 putare
1040 2577 1168 2656 propter
1192 2571 1368 2636 Diodorum
1392 2573 1442 2653 16,
1463 2573 1505 2638 69
1526 2594 1590 2638 non

283 2679 366 2744 lieet
412 2677 478 2745 Suo
501 2699 575 2761 ergo
597 2677 665 2742 iure
687 2674 834 2741 Reiskius
858 2674 909 2744 VI
930 2674 972 2740 22
996 2677 1220 2739 AAPXIAN
1237 2676 1272 2739 in
1293 2676 1449 2741 veteribus
1480 2698 1590 2741 manu·

285 2782 408 2867 scriptis
440 2780 590 2846 traditum
623 2800 643 2845 a
675 2779 783 2845 scribis
815 2778 865 2844 vel
898 2779 1111 2862 grammaticis
1142 2799 1205 2844 non
1238 2784 1322 2844 recte
1356 2774 1591 2866 0(εκαδ)αρχίατ

286 2885 466 2971 suppletum
489 2905 558 2950 esse
580 2882 748 2949 coniecisse
769 2881 900 2948 videtur.
933 2882 972 2946 ei.
987 2880 1046 2946 IX
1058 2881 1110 2964 26,
1131 2901 1193 2966 quo
1215 2881 1284 2947 loeo
1305 2881 1425 2948 scribae
1438 2881 1591 2947 traditum

286 2988 506 3055 AAPXIAC
531 2987 647 3071 partim
680 2985 760 3068 (ΣΕ)
793 2990 877 3051 recte
909 3006 967 3070 pro
997 2979 1185 3071 τετραρχίας
1217 2985 1332 3070 partim
1371 2987 1475 3051 minus
1507 2990 1591 3051 recte

286 3114 344 3177 pro
365 3086 596 3177 τετραδαρχίας
617 3089 815 3173 interpretati
836 3095 920 3156 sunt.
944 3129 984 3137 —

371 3195 401 3261 3.
425 3195 482 3259 De
505 3193 673 3260 concilio
696 3193 935 3260 Graecorum
957 3194 1068 3276 (anno
1091 3191 1183 3273 340).
1218 3191 1406 3259 Schaeferus
1429 3212 1500 3257 cum
1523 3214 1592 3259 ora

287 3300 389 3365 tiones
402 3295 571 3364 VIII-X
594 3318 666 3361 vere
688 3296 751 3362 341
773 3296 899 3362 habitas
922 3318 989 3362 esse
1011 3302 1147 3377 censeat,
1168 3295 1368 3379 legationem,
1390 3317 1481 3379 quae,
1502 3302 1539 3361 ut
1558 3297 1592 3361 in

287 3402 540 3486 Peloponnesum
568 3400 720 3481 mittatur,
754 3399 986 3466 Demosthenes
1015 3399 1077 3465 illis
1105 3398 1296 3464 orationibus
1326 3399 1475 3483 postulat,
1509 3422 1593 3466 anno

287 3506 352 3572 340
380 3504 495 3569 iactam
527 3523 594 3568 esse
626 3508 659 3568 et
680 3503 719 3567 de
740 3502 917 3569 foederibus
942 3502 1088 3568 ineundis
1112 3503 1161 3568 16.
1183 3501 1233 3567 die
1256 3501 1509 3568 Anthesterionis
1529 3504 1593 3571 340

289 3615 392 3676 aetum
416 3628 482 3672 esse
504 3610 604 3690 putat.
650 3604 731 3672 (lum
754 3626 811 3671 nos
832 3607 989 3671 orationes
1011 3627 1094 3671 anno
1115 3604 1179 3671 342
1194 3604 1319 3671 habitas
1332 3626 1401 3671 esse
1416 3605 1595 3690 viderimus,

289 3714 328 3777 de
350 3732 396 3791 eo,
418 3709 501 3793 quod
515 3708 702 3776 Schaeferus
724 3709 828 3790 sentit,
850 3708 1075 3793 disputandum
1097 3709 1165 3790 erit,
1185 3730 1222 3774 eo
1237 3709 1346 3793 magis,
1367 3709 1452 3792 quod
1473 3709 1594 3776 Beloch

288 3815 329 3880 ab
362 3834 399 3878 eo
430 3812 601 3891 dissentit⁴)
634 3818 666 3877 et
694 3834 779 3878 nune
809 3834 858 3878 res
882 3812 987 3896 aliquo
1020 3811 1113 3877 modo
1148 3813 1262 3878 certius
1283 3812 1449 3878 diiudicari
1482 3819 1593 3898 potest.

288 3915 409 3982 Beloch
438 3915 627 3999 legationem
661 3915 702 3980 ab
724 3915 841 3981 Aesch.
863 3916 894 3998 3,
915 3917 957 3983 94
978 3938 1044 4000 sqq.
1066 3922 1340 3982 commemoratam
1369 3915 1504 3982 eandem
1526 3938 1594 3983 esse

290 4023 395 4086 censet
415 4025 510 4102 atque
531 4017 633 4099 illam,
664 4040 746 4103 quae
776 4025 812 4085 ut
833 4020 989 4101 mittatur,
1022 4019 1254 4085 Demosthenes
1280 4020 1314 4084 in
1335 4040 1378 4086 or.
1403 4018 1592 4087 VIII—IX

289 4123 436 4209 proponit
456 4143 599 4207 quaeque
621 4143 730 4189 revera
752 4144 824 4189 vere
843 4123 907 4189 342
929 4123 1035 4207 (schol
1051 4123 1167 4189 Aeseh.
1177 4123 1207 4205 3,
1222 4123 1276 4206 83)
1298 4124 1393 4190 missa
1408 4129 1463 4190 est
1502 4121 1594 4207 Quae

378 4316 404 4384 1)
424 4315 464 4368 11⁹
482 4315 536 4369 345
555 4333 596 4386 sq.
616 4318 645 4369 et
663 4316 717 4371 430
736 4334 777 4387 sq.

378 4404 405 4472 2)
425 4404 560 4474 Harpocr.
581 4422 602 4459 s.
622 4423 646 4459 τ.
664 4408 824 4475 τετραρχίαι
849 4407 1037 4472 Θεσσαλιῶτις,
1061 4407 1191 4473 nemra,
1211 4406 1404 4476 Πελασγιῶτις,
1422 4403 1594 4463 Ἐστιαιῶτις.

376 4492 403 4560 3)
423 4510 492 4563 quos
521 4496 551 4547 et
574 4494 769 4566 Theopompus
798 4497 827 4549 et
851 4495 1056 4549 Demosthenes
1083 4498 1306 4549 commemorant.
1343 4495 1378 4550 cf.
1404 4494 1492 4565 Harp.
1519 4510 1540 4547 s.
1568 4511 1593 4550 τ.

288 4583 434 4652 τετραρχία
452 4584 483 4635 et
501 4577 625 4641 Εὔδικος.
663 4584 744 4640 Dem.
762 4583 858 4637 XVIII
875 4583 911 4637 48
931 4586 961 4638 et
978 4582 1039 4638 295.

377 4669 404 4739 4)
422 4669 485 4725 Att.
506 4670 564 4724 Pol.
584 4689 611 4741 p.
630 4672 694 4729 369.
