3650 5709
808 426 1020 493 „15-

253 608 380 675 catione
403 610 606 678 difficultates
620 633 736 696 augere
756 614 813 677 viri
829 614 914 679 docti
929 616 1006 679 mihi
1021 616 1148 699 quidem
1163 617 1316 683 videntum
1351 616 1565 701 Quamobrem

255 716 342 780 enim
364 717 609 797 Demosthenes,
645 718 765 783 etiamsi
794 717 857 782 illis
890 718 1082 801 temporibus
1109 717 1152 783 τὰ
1175 717 1323 805 θεωρικὰ
1345 718 1567 805 στρατιωτικά

256 819 326 885 fieri
359 843 424 886 non
458 842 584 887 necesse
610 841 676 885 esse
708 820 865 903 censebat,
894 820 1075 905 largitiones
1101 821 1316 888 defendendas
1338 844 1404 888 esse
1426 825 1567 908 putabat,

258 945 315 989 cur
337 930 427 990 tanto
448 946 520 990 cum
543 923 647 989 studio
669 923 869 1005 defendebat,
891 929 927 989 ut
947 923 1044 990 fecit?
1088 926 1258 992 Praeterea
1280 926 1355 1010 quid
1379 926 1453 991 illae
1474 927 1569 1010 largi·

257 1028 360 1093 tiones
382 1027 547 1107 valuerint,
569 1027 740 1092 tenendum
763 1032 818 1092 est.
856 1026 969 1108 Erant,
991 1034 1027 1092 ut
1040 1029 1086 1092 ita
1101 1028 1213 1111 dicam,
1235 1028 1433 1094 firmamenta
1448 1030 1568 1095 Eubuli

258 1131 358 1215 regni,
389 1130 594 1210 munimenta,
626 1128 738 1212 quibus
760 1128 880 1210 divites,
907 1131 962 1213 qui
983 1132 1069 1214 pacis
1090 1131 1180 1198 bonis
1201 1133 1248 1197 uti
1271 1153 1309 1197 ae
1330 1132 1393 1197 frui
1414 1132 1569 1214 volebant,

259 1255 300 1299 ne
329 1234 419 1318 plebs
448 1232 565 1299 bellum
592 1233 761 1315 moliretur,
788 1233 940 1297 arcebant
967 1240 999 1298 et
1028 1233 1272 1318 prohibebant1).
1318 1233 1412 1319 Quod
1435 1237 1569 1302 Demos·

258 1337 372 1403 thenes
393 1336 502 1420 paucis
517 1336 608 1401 annis
623 1341 697 1401 ante
711 1336 892 1419 largitiones
906 1336 1077 1401 abolendas
1095 1359 1162 1402 esse
1188 1338 1319 1419 dixerat,
1339 1339 1569 1405 munimentum

259 1442 351 1525 regni
371 1440 492 1505 Eubuli
514 1440 726 1505 firmissimum
748 1461 912 1523 aggressus
935 1445 1011 1505 erat.
1055 1440 1213 1524 Sequitur,
1235 1447 1271 1506 ut
1290 1441 1521 1513 Demosthenes
1534 1444 1569 1507 in

259 1545 403 1610 oratione
430 1543 468 1608 X
501 1542 682 1627 largitiones
717 1542 877 1609 faciendas
911 1565 974 1609 non
1007 1543 1172 1626 defendat,
1207 1549 1244 1609 ut
1275 1544 1394 1611 reditus
1428 1544 1570 1629 publioos

259 1652 378 1732 augeat
400 1647 448 1712 vel
470 1652 556 1712 recte
579 1646 784 1728 administret,
813 1647 868 1712 sed
899 1652 936 1711 ut
957 1647 989 1710 in
1011 1646 1184 1712 factionum
1208 1648 1429 1713 certaminibus
1451 1648 1570 1732 aliquid

259 1756 455 1835 assequatur.
500 1747 613 1834 Quid?
635 1770 693 1816 nos
715 1751 833 1815 nescire
855 1751 922 1833 ipse
944 1749 1103 1831 confiteor,
1125 1756 1230 1815 tamma
1252 1750 1299 1815 illi
1320 1752 1468 1817 orationis
1488 1753 1570 1835 parti

260 1854 370 1939 digna,
392 1876 473 1938 quae
496 1854 791 1933 animadvertamus,
812 1855 914 1920 inesse
938 1854 1091 1920 videntur.

351 1974 471 2041 Dentre
493 1996 540 2057 ea,
561 1996 642 2058 quae
665 1975 706 2040 ab
728 1975 907 2041 hominibus
929 1975 1116 2059 quibusdam
1139 1976 1180 2040 ad
1202 1975 1383 2060 largitiones
1400 1975 1571 2042 abolendas

259 2078 509 2162 proferebantur,
540 2078 771 2144 Demosthenes
794 2085 966 2163 oppugnat,
987 2080 1066 2145 miro
1096 2085 1203 2145 tamen
1231 2079 1334 2145 modo.
1377 2079 1465 2145 Dicit
1487 2081 1569 2145 enim

259 2188 428 2266 utramque
460 2182 629 2247 factionem
658 2182 877 2266 largitionibus
905 2183 999 2247 factis
1030 2182 1140 2248 florere
1169 2186 1199 2264 (ξ
1222 2182 1284 2264 36).
1334 2180 1399 2268 ἐρεῖ
1427 2177 1456 2246 d'
1485 2173 1571 2266 ῖπὲρ

259 2284 329 2349 ταῖν
352 2280 386 2350 ἓν
402 2280 508 2370 χρεῖαι
533 2282 714 2350 δοκούντων
735 2276 817 2350 εἶναι
841 2282 1001 2371 πρότερον
1023 2286 1096 2369 (37).
1138 2284 1179 2349 In
1201 2285 1247 2365 iis,
1278 2305 1360 2368 quae
1392 2290 1573 2368 sequuntur,

259 2388 445 2473 largitiones
475 2388 637 2454 faciendas
666 2410 742 2455 sane
776 2409 831 2473 pro
853 2388 1045 2473 pauperibus
1067 2387 1223 2469 defendit,
1255 2389 1301 2453 ita
1330 2394 1446 2469 emen,
1478 2393 1514 2452 ut
1534 2410 1573 2452 ex

262 2513 455 2575 unoquoque
476 2490 540 2557 fere
562 2492 656 2558 verbo
679 2498 832 2576 appareat
853 2493 1036 2576 largitiones
1057 2491 1170 2573 factas,
1205 2491 1390 2557 divitibus
1421 2492 1574 2575 imprimis

260 2595 444 2661 utilissimas
467 2616 547 2661 esse:
579 2598 598 2679 ᾖ
620 2596 662 2662 38
683 2593 766 2678 μετὰ
789 2596 893 2660 ταῖτα
916 2592 936 2683 ἡ
963 2587 1042 2680 τῖχη
1072 2595 1182 2672 καλῶς
1213 2595 1359 2660 ποιοῦσα
1381 2590 1491 2659 πολλὰ
1512 2616 1574 2659 πε-

262 2693 387 2787 ποίηκε
421 2695 462 2763 τὰ
491 2694 594 2779 κοινοῖ,
628 2696 684 2764 καὶ
705 2695 899 2785 τετρακόσια
922 2693 995 2764 ἀντὶ
1017 2699 1084 2762 ταῖν
1106 2690 1222 2763 ἑκατὸν
1243 2690 1409 2764 ταλάντων
1435 2698 1573 2786 προσέρ-

260 2825 373 2882 χεται,
404 2795 569 2879 οὐδενὸς
600 2792 718 2867 ου’ὁὲν
746 2802 1008 2889 ζημιουμένου
1036 2800 1111 2865 ταῖν
1140 2794 1211 2879 τὰς
1239 2792 1376 2879 οῖσίας
1397 2796 1574 2884 ἐχόντων,

262 2898 362 2969 ἄλλο’
389 2903 457 2970 καὶ
478 2899 879 2991 προσλαμβάνοντος·
914 2900 954 2971 οῖ
985 2903 1056 2991 γὰρ
1079 2896 1255 2990 εῖποροι
1277 2899 1423 2982 πάντες
1445 2900 1573 2990 ἔρχον-

263 3031 332 3072 ται
367 3007 609 3091 μεθέξοντες
641 3002 793 3088 τούτου,
827 3006 895 3074 καὶ
927 3007 1055 3087 καλῶς
1083 3009 1260 3074 ποιοῦσι.
1305 3009 1355 3074 42.
1396 3005 1483 3086 Τοὺς
1514 3006 1574 3089 μὲν

264 3105 431 3197 εὐπόρους
453 3105 571 3200 ταύτηι
592 3110 774 3199 χρωμένους
795 3115 851 3200 τῆι
873 3108 998 3200 γνώμην
1027 3107 1064 3178 οὗ
1094 3103 1196 3195 μόνον
1222 3106 1365 3199 ἡγουμαι
1393 3109 1434 3176 τὰ
1458 3107 1574 3177 δίκαια

263 3218 388 3296 ποιεῖν,
410 3206 512 3281 α’λλυλ
535 3214 602 3281 καὶ
625 3211 670 3281 τοὶ
695 3217 896 3304 λυσιτελῆ·
932 3214 973 3282 τὸ
1008 3215 1078 3303 γὰρ
1107 3218 1187 3280 ταῖν
1214 3208 1438 3300 ἀναγκαίων
1460 3213 1574 3292 τινὰς

265 3310 530 3406 ἀποστερεῖν
552 3321 685 3409 κοινῆι
707 3312 901 3399 κακόνους
923 3318 1012 3385 ἐστὶ
1035 3322 1185 3385 ποιεῖν
1211 3311 1401 3395 πολλοῖς
1422 3311 1575 3403 ἀνθρώ-

265 3445 371 3500 πους
400 3426 485 3501 τοῖς
506 3417 745 3509 πράγμασιν.
801 3423 882 3488 Tum
913 3446 970 3508 pro
998 3424 1146 3489 divitibus
1175 3429 1280 3489 orator
1307 3422 1402 3488 verba
1427 3420 1504 3488 facit
1524 3443 1576 3486 ex-

268 3527 428 3610 ponitque,
450 3527 607 3610 quomodo
630 3527 835 3593 incommodis
857 3527 1048 3592 medendum
1069 3528 1117 3593 sit

358 3646 524 3730 Quomodo
546 3649 665 3712 faotum
689 3653 749 3729 est,
782 3654 818 3713 ut
849 3654 972 3713 tantam
1002 3650 1036 3713 in
1065 3649 1227 3714 Eubulum
1258 3648 1385 3731 eiusque
1406 3647 1578 3712 factionem

266 3750 517 3816 benevolentiam
535 3750 767 3816 Demosthenes
789 3757 928 3832 navaret,
949 3758 985 3815 ut
1007 3751 1137 3816 divitum
1159 3756 1296 3817 sectator
1317 3772 1384 3816 esse
1400 3746 1579 3814 videretur?

267 3853 469 3936 Quamquam
491 3854 558 3937 ipse
581 3853 700 3937 aliquid
722 3855 799 3919 certi
810 3855 969 3919 enucleari
992 3876 1053 3919 non
1077 3875 1168 3938 posse
1191 3854 1263 3933 scio,
1285 3859 1402 3935 tamen,
1423 3852 1579 3937 quomodo

266 3979 317 4021 res
340 3962 408 4020 tum
431 3978 464 4021 se
485 3956 632 4023 habuisse
654 3962 771 4041 putem,
803 3959 942 4042 proferre
964 3959 1064 4022 liceat
1110 3957 1342 4023 Demosthenes
1372 3961 1482 4021 namet
1514 3977 1578 4021 non

267 4046 409 4124 oratores
431 4060 576 4126 factionis
597 4060 765 4144 popularis,
786 4062 841 4145 qui
862 4083 985 4145 semper
1007 4060 1123 4126 bellum
1147 4059 1364 4140 moliebantur,
1386 4060 1442 4125 sed
1456 4059 1578 4123 Eubuli

267 4166 443 4228 sectatores
464 4164 632 4247 postulare,
654 4169 690 4228 ut
710 4163 891 4249 largitiones
912 4164 1125 4248 aboleanturll
1146 4164 1241 4247 idque
1256 4185 1295 4228 ea
1310 4163 1350 4228 de
1366 4184 1470 4244 causa,
1492 4162 1577 4245 quod

268 4271 408 4332 oratores
429 4267 566 4350 quidam,
592 4289 688 4333 aurae
710 4269 869 4352 popularis
891 4274 1077 4352 captatores,
1104 4274 1141 4333 ut
1159 4267 1314 4332 aerarium
1337 4266 1508 4350 publicum,
1541 4287 1581 4330 ex

268 4390 333 4451 quo
356 4369 480 4453 plebem
502 4370 685 4455 largiantur,
707 4371 895 4456 compleant,
918 4371 1028 4437 divites
1050 4373 1133 4437 cives
1152 4371 1376 4450 accusaverint,
1397 4376 1434 4435 ut
1447 4368 1582 4433 damna·

359 4618 385 4687 1)
405 4620 441 4673 cf.
469 4636 540 4690 quae
568 4623 688 4674 narrant
715 4620 793 4674 Dem.
820 4620 887 4673 XlX
915 4620 966 4675 291
997 4623 1026 4674 et
1057 4619 1135 4674 Plut.
1161 4634 1252 4689 praee.
1280 4633 1339 4685 ger.
1367 4616 1469 4687 reipbl.
1500 4633 1522 4671 c.
1547 4615 1585 4670 25

269 4723 298 4776 p.
317 4706 398 4760 8180.

357 4795 384 4865 2)
403 4796 438 4849 ef.
458 4796 474 4863 ξ
492 4795 528 4849 42
546 4795 758 4866 δυσχεραίνουσι
775 4794 807 4848 τὸ
826 4793 944 4869 πράγμα
962 4799 990 4849 οῖ
1007 4793 1055 4855 τὰς
1073 4794 1169 4853 οὐσίας
1194 4795 1303 4863 ἔχοντες
1327 4795 1374 4847 καλ
1396 4796 1586 4864 κατηγοροῦσι

269 4883 391 4941 δικαίως.

1313 4989 1347 5041 2*
