3650 5709
819 500 1008 561 ,5-

259 687 336 752 dera
358 689 471 768 iniisse,
492 688 585 752 titulo
607 687 751 771 quodam,
772 685 952 751 firmissimo
974 686 1214 770 uniuscuiusque
1242 686 1433 770 quaestionis
1450 683 1565 749 tunda-

258 796 374 871 mento‚
396 792 455 854 niti
476 791 630 874 possimus
653 788 746 873 (OIA
770 791 873 873 Mill:

304 893 331 957 1.
369 882 461 978 [Ἐπὶ
482 889 681 959 Πυθοδότου
703 884 857 979 ἷίρχοντος
877 887 951 979 aaa
973 893 1032 980 τῆς
1052 887 1213 977 Αἱγιῖδος

367 991 518 1083 [δικότης
541 990 736 1082 πρυτανείας
755 988 919 1084 τιτό1ρτηι
940 997 1000 1083 τῆς
1021 988 1217 1081 πρυτανείας

367 1093 468 1183 [ἔδοξε
489 1099 550 1165 τῶι
574 1094 680 1187 δήμωι
704 1148 786 1166 ....
809 1094 931 1187 1λιίδης
947 1095 1127 1176 Παιανιεὺς

367 1192 563 1287 [incurrisse
585 1196 813 1289 Κλεόστρατος
838 1195 1278 1289 Τιμο1σθόνουςἈιγιαλεδς
1300 1196 1329 1265 ό-

302 1308 330 1369 5.
368 1302 613 1392 [γραμμοίτουιν]
634 1328 700 1372 vac.
724 1301 894 1389 Συμμοχία
916 1310 972 1371 τοῦ
993 1298 1096 1394 [driu-1

368 1409 417 1494 [ου
437 1409 498 1474 τοῦ
517 1402 702 1495 Ἀθηναίων
722 1403 1362 1497 καίωνκα11Μεσσηνίω1ν...]

346 1511 418 1596 Quo
440 1513 532 1577 titulo
554 1535 575 1577 a
595 1511 756 1578 Kochlero
778 1535 817 1578 ex
838 1514 1040 1597 inscriptione
1063 1513 1144 1576 114¹>
1166 1515 1276 1594 argute
1298 1510 1443 1574 restituto
1456 1528 1564 1573 mense

259 1615 352 1681 Iunio
375 1617 449 1680 anni
472 1618 534 1680 342
557 1616 689 1700 (decima
709 1623 758 1682 est
779 1617 891 1682 ultima
908 1617 1065 1701 prytanis)
1087 1615 1299 1679 Athenienses
1313 1634 1383 1678 cum
1398 1610 1565 1675 Messeniis

259 1718 388 1803 aliisque
410 1719 645 1804 Peloponnesiis
668 1719 796 1787 foedera
818 1722 923 1785 iniisse
945 1721 1184 1801 demonstratur,
1206 1719 1252 1782 ita
1271 1722 1308 1782 ut
1322 1716 1361 1780 de
1376 1714 1484 1780 scholii
1498 1710 1565 1778 fide

258 1844 298 1887 ne
320 1821 457 1887 dubitari
476 1823 602 1907 quidem
624 1824 725 1890 liceat

345 1924 525 1992 Secundum
547 1928 624 1993 illud
646 1927 797 1994 scholium
819 1934 851 1993 et
865 1928 1041 1994 Diodorum
1057 1928 1212 1993 orationes
1227 1922 1316 1991 VIII
1330 1929 1362 1988 et
1376 1920 1434 1985 IX
1447 1920 1564 2006 Pytho·

258 2031 332 2095 doto
356 2029 493 2095 Athenis
522 2052 674 2116 eponymo
705 2034 838 2117 scriptae
867 2039 949 2098 sunt.
993 2032 1119 2097 Bellum
1148 2031 1232 2096 enim
1259 2035 1368 2094 contra
1390 2024 1565 2091 Gordianos

258 2138 397 2217 gestum,
430 2134 514 2218 quod
548 2155 630 2199 anno
662 2135 756 2223 34312
790 2137 940 2202 exarsisse
972 2135 1141 2201 scholiasta
1166 2139 1282 2212 narrat,
1318 2132 1352 2195 in
1374 2127 1565 2194 orationibus

259 2243 526 2302 commemoratur.
570 2237 752 2324 Philippum
782 2261 864 2322 ergo,
896 2242 949 2323 qui
972 2239 1142 2305 secundum
1164 2238 1336 2302 orationem
1357 2232 1447 2301 VIII
1468 2230 1564 2297 unde·

258 2341 375 2405 oimum
407 2360 546 2404 mensem
580 2342 612 2404 in
642 2340 778 2407 Thracia
809 2347 950 2407 versatus
983 2349 1043 2422 est,
1076 2342 1185 2407 eodem
1214 2359 1297 2403 anno
1326 2335 1419 2421 34312
1448 2334 1565 2399 bellum

257 2449 369 2509 contra
390 2442 529 2508 Thraces
551 2465 658 2527 gerere
680 2446 816 2529 coepisse
838 2452 976 2530 apparet.
1020 2444 1127 2513 Verba
1148 2443 1265 2523 scholii,
1286 2461 1367 2524 quae
1388 2443 1463 2503 sunt
1480 2426 1565 2501 όπο-

257 2542 465 2633 νττευομόνης
482 2542 695 2635 λυθήσεσθαι
718 2552 774 2637 τῆς
795 2545 882 2634 πρὸς
901 2543 1080 2614 Φίλιππον
1094 2543 1221 2636 εἰρήνης
1235 2544 1394 2630 aptissime
1409 2539 1566 2625 quadrant

258 2652 299 2718 ad
321 2651 353 2716 id
375 2650 467 2733 ,quod
489 2651 542 2715 illo
564 2672 655 2733 anno,
677 2673 738 2735 quo
760 2654 917 2718 orationes
939 2655 1072 2737 scriptae
1095 2658 1176 2734 sunt,
1198 2670 1298 2732 neque
1318 2644 1564 2711 Demosthenem

257 2756 384 2837 eiusque
418 2760 586 2819 sectatores
618 2776 718 2839 neque
749 2757 815 2821 eius
847 2756 1040 2821 adversarios
1072 2756 1188 2821 bellum
1209 2775 1273 2819 non
1294 2770 1476 2817 exarsurum
1497 2767 1565 2812 esse

257 2879 372 2941 negare
394 2878 486 2922 ausos
508 2879 575 2923 esse
596 2879 635 2923 ex
657 2860 795 2924 oratione
818 2858 907 2927 VIII
929 2862 1095 2945 apparetl).

345 2959 512 3027 Orationes
533 2961 623 3030 VIII
644 2969 677 3027 et
697 2961 756 3027 IX
777 2985 859 3029 anno
882 2962 976 3049 34312
1005 2963 1131 3029 habitas
1160 2983 1227 3028 esse
1249 2958 1395 3044 Dionysii
1418 2955 1565 3020 Halicar-

257 3065 444 3147 nassensiss)
466 3064 567 3130 verbis
588 3066 804 3132 confirmatur:
827 3065 910 3149 μετὰ
932 3062 1105 3132 Λυκίσκον
1127 3062 1215 3131 ἐστὶν
1237 3055 1344 3149 όίρχων
1358 3053 1564 3133 Πυθόδοτος,

258 3160 309 3254 ἐφ’
341 3150 381 3231 osi
407 3164 465 3254 την
493 3162 611 3257 ὀγδόην
638 3173 704 3233 τῶν
736 3168 959 3235 Φιλιππικῶν
989 3171 1192 3257 δημηγοριῶν
1220 3164 1354 3233 διόθιτο
1376 3160 1466 3247 πρός
1487 3157 1566 3239 τοὺς

260 3265 436 3335 Φιλίππου
469 3267 634 3355 πρέσβεις,
665 3258 705 3360 ἧς
737 3270 824 3338 ἔστιν
845 3262 944 3361 α’ρχή·
985 3263 1024 3337 Ὠ
1045 3264 1160 3357 όίνδρις
1178 3264 1370 3357 Ἀθηναῖοι,
1394 3260 1453 3332 οὐκ
1475 3259 1565 3330 ἔστιν

257 3366 324 3437 ari.
370 3370 455 3456 Quid
483 3373 656 3461 Dionysius
686 3377 815 3458 sentiat,
847 3379 994 3443 nimirum
1024 3398 1087 3442 non
1114 3396 1271 3455 curamus,
1304 3372 1432 3437 maximi
1457 3374 1565 3433 tamen

256 3477 406 3541 momenti
428 3479 495 3543 eius
516 3478 611 3544 verba
632 3487 713 3560 sunt,
734 3480 818 3563 quod
831 3481 904 3546 inde
920 3481 1043 3548 videtur
1057 3500 1207 3566 apparere
1221 3475 1443 3543 Philochorum
1457 3492 1564 3536 narra·

256 3582 337 3645 visse
368 3579 488 3663 legatos
518 3603 600 3647 anno
627 3583 721 3665 34312
752 3582 941 3669 aPhilippo
972 3586 1083 3650 missos
1111 3605 1178 3649 esse
1206 3589 1240 3648 et
1268 3580 1352 3665 quod
1374 3578 1468 3663 paulo
1490 3578 1564 3639 ante

257 3686 413 3749 orationes
434 3683 524 3751 VIII
545 3692 578 3751 et
596 3685 654 3751 IX
681 3686 806 3753 habitas
833 3686 1016 3773 Philippum
1048 3690 1169 3772 legatos
1191 3685 1338 3751 Athenas
1370 3682 1492 3747 misisse
1525 3699 1565 3743 ex

258 3788 334 3871 ipsis
356 3788 548 3853 orationibus
570 3796 700 3854 constat.

342 3890 394 3955 Ex
419 3889 643 3957 Demosthenis
671 3892 779 3974 verbis,
807 3914 887 3976 quae
915 3900 989 3958 sunt
1010 3892 1079 3977 (IX
1101 3895 1167 3974 25):
1203 3882 1564 3970 ultimogenitus

256 3988 313 4057 καὶ
343 3984 407 4057 δέκ’
440 3986 498 4075 οὐχ
523 3987 615 4073 όλοις
640 3989 761 4076 ότισιν,
796 3985 847 4073 οἷς
874 3991 1091 4076 ἐπιπολόζιι,
1125 3986 1259 4082 ἠδίκηκε
1290 3989 1368 4071 τοὺς
1394 3982 1563 4077 Ἕλληνας,

256 4095 335 4160 nihil
357 4097 433 4160 certi
455 4098 598 4163 concludi
619 4105 730 4183 potest
775 4098 840 4165 Sed
861 4121 932 4164 cum
951 4100 997 4180 iis,
1018 4121 1099 4183 quae
1114 4098 1353 4178 enucleavimus,
1374 4116 1438 4160 non
1451 4112 1563 4176 repug-

255 4205 349 4265 nant:
380 4202 441 4264 357
464 4199 630 4286 Philippus
652 4200 860 4287 Amphipolin
889 4208 923 4267 et
944 4202 1089 4289 Pydnam
1123 4203 1323 4287 expugnavit,
1350 4199 1459 4265 eodem
1480 4215 1563 4261 anno

256 4325 328 4369 oum
351 4302 510 4389 Olynthiis
531 4305 643 4372 foedus
665 4307 743 4388 iniit
773 4308 836 4371 356
857 4305 1044 4372 Potidaeam
1066 4308 1264 4391 expugnavit
1294 4307 1357 4371 356
1379 4304 1562 4386 Pangaeum

256 4413 396 4472 montem
426 4408 459 4471 in
481 4429 570 4473 suam
591 4415 779 4493 potestatem
801 4410 931 4494 redegit,
960 4410 1068 4476 urbem
1090 4410 1254 4496 Philippos
1275 4410 1422 4477 condidit.
1466 4408 1563 4474 Anno

256 4529 331 4591 ergo
361 4510 424 4573 356
455 4530 558 4575 rerum
584 4513 702 4595 potitus
724 4518 800 4577 erat
845 4512 939 4597 Quod
960 4513 1135 4579 Methonen
1156 4521 1224 4580 tum
1245 4514 1384 4581 nondum
1405 4534 1563 4598 expugna-

257 4616 354 4691 verat
375 4613 464 4694 parvi
485 4620 554 4678 erat
575 4617 731 4681 momenti.

348 4711 569 4797 Quaerendum
590 4724 646 4800 est,
668 4741 744 4785 num
765 4726 897 4805 tempus,
920 4741 981 4804 quo
1003 4724 1159 4787 orationes
1181 4723 1315 4806 scriptae
1337 4727 1418 4803 sunt,
1449 4720 1563 4786 certius

345 4940 372 5010 1)
392 4940 426 4995 cf.
445 4940 515 4995 VIII
532 4940 558 5010 4,
577 4941 594 4999 ’ί
613 4945 666 5000 etc.
796 4943 879 5015 21υδ
898 4943 991 5005 emm.
1009 4946 1035 5016 l,
1054 4946 1097 5002 10.
