3650 5709
811 458 1022 522 ,19-

257 655 431 721 adiuvante
454 656 736 741 Lacedaemonem,
767 680 849 742 quae
882 658 957 724 urbs
986 664 1053 723 tum
1075 681 1146 725 cum
1169 659 1418 726 Atheniensibus
1438 660 1568 726 foedere

258 760 430 826 coniuncta
452 766 554 844 erare,
575 763 730 829 vicissent.
775 762 1015 828 Lacedaemone
1037 763 1119 827 enim
1143 764 1226 828 victa
1247 769 1313 829 tota
1332 763 1568 847 Peloponnesus

257 865 292 929 in
313 863 456 949 Philippi
477 871 665 950 potestatem
685 866 815 932 redacta
838 872 929 932 esset
973 865 1185 950 Quamobrem
1208 866 1304 950 legati
1325 866 1567 932 Atheniensium

260 968 438 1035 Messenios
465 975 498 1035 et
525 970 662 1053 Argivos
693 969 852 1035 adhortati
874 976 955 1052 sunt,
988 992 1028 1035 nc
1056 971 1124 1055 regi
1154 970 1249 1035 fidem
1277 969 1439 1035 haberent.
1482 969 1568 1033 Eum

260 1071 431 1159 Olynthios
461 1079 493 1138 et
521 1072 690 1138 Thessalos
728 1074 809 1139 false
845 1074 1004 1157 promissis
1040 1080 1148 1158 captos
1184 1074 1329 1139 libertate
1364 1072 1569 1157 privavisse).

260 1177 417 1245 Videmus
439 1199 486 1259 ea,
519 1198 600 1261 quae
629 1178 803 1243 secundum
834 1178 1007 1243 orationem
1028 1178 1079 1246 VI
1099 1177 1196 1262 legati
1220 1178 1377 1258 dixerant,
1407 1176 1453 1256 iis,
1487 1195 1568 1258 quae

258 1282 353 1349 VIII
375 1281 417 1347 35
438 1303 482 1365 sq.
505 1286 537 1346 et
558 1280 610 1349 VI
631 1280 673 1346 33
695 1286 872 1363 narrantur,
894 1281 1053 1346 simillima
1076 1304 1152 1348 esse.
1208 1281 1281 1347 Non
1304 1282 1462 1361 miramur,
1483 1278 1568 1363 quod

257 1408 318 1453 rex
340 1386 425 1471 apud
439 1384 652 1450 Athenienses
675 1384 714 1450 de
728 1384 913 1469 Hegesippo
936 1385 1002 1450 solo
1024 1407 1126 1469 neque
1144 1385 1184 1450 de
1200 1384 1414 1450 Demosthene
1429 1382 1569 1467 queritur

258 1490 346 1574 (VII
367 1490 430 1574 33).
474 1488 525 1553 Dr
547 1488 648 1554 verbis
670 1488 763 1570 enim,
796 1510 877 1572 quae
907 1488 1041 1572 legimus
1067 1488 1119 1556 VI
1140 1488 1183 1554 26
1208 1485 1266 1552 acri
1293 1484 1458 1570 παρόντος
1486 1482 1567 1566 ἐμοῦ

257 1590 319 1658 καὶ
342 1589 445 1657 πάλιν
466 1583 612 1676 ὕστερον,
647 1591 894 1657 Demosthenem
918 1593 1003 1675 prius
1024 1614 1119 1675 quam
1140 1592 1276 1674 reliquos
1297 1591 1417 1674 legatos
1440 1590 1567 1655 domum

257 1697 391 1763 rediisse
427 1701 566 1779 apparet.
624 1694 718 1778 Quod
752 1695 983 1761 Demosthenes
1019 1695 1059 1760 dc
1095 1695 1260 1779 legationis
1294 1699 1408 1759 eventu
1436 1692 1494 1757 IX
1525 1692 1567 1757 72

257 1801 339 1867 dicit
366 1799 498 1884 legatos]
521 1820 584 1864 uon
616 1819 742 1883 prorsus
767 1801 885 1864 frustra
913 1799 1053 1864 laborem
1083 1800 1267 1883 suscepisse,
1298 1798 1378 1863 haec
1404 1795 1499 1861 verba
1521 1795 1569 1875 iis,

258 1926 344 1990 quae
365 1905 399 1969 iu
422 1926 465 1969 or.
487 1902 539 1972 VI
562 1903 602 1968 de
630 1903 796 1986 legationis
830 1904 916 1968 exitu
949 1909 1065 1986 narrat,
1099 1903 1248 1988 explicari
1280 1901 1439 1967 videntur:
1472 1897 1569 1963 verba

258 2010 438 2093 legatorum
459 2007 575 2072 multos
597 2007 748 2073 clamores
770 2008 931 2088 excitasse,
965 2013 1072 2073 tamen
1100 2007 1265 2073 verisimile
1295 2026 1363 2071 esse
1384 2003 1567 2087 Philippum

259 2111 507 2196 Peloponnesios
542 2111 702 2195 promissis
738 2110 944 2194 pellectumm
981 2132 1049 2177 esse
1081 2111 1145 2196 (VI
1167 2112 1229 2192 26).
1283 2109 1366 2176 oum
1392 2113 1424 2174 et
1451 2128 1502 2172 res
1533 2106 1567 2170 in

259 2215 481 2300 Peloponneso
504 2220 611 2299 gestae
633 2220 666 2279 et
686 2214 842 2279 orationes
864 2236 884 2279 a
906 2215 1020 2298 legatis
1041 2214 1169 2280 habitae
1185 2220 1217 2279 et
1232 2213 1425 2298 legationum
1437 2215 1567 2276 eventus

260 2320 373 2386 eodem
394 2319 488 2384 modo
510 2323 543 2383 et
556 2318 589 2382 in
612 2317 803 2383 orationibus
824 2317 997 2386 VH—IX
1019 2324 1052 2382 et
1071 2318 1104 2382 in
1117 2318 1257 2383 oratione
1271 2317 1322 2385 VI
1344 2314 1568 2394 describantur,

259 2423 452 2507 legationem
478 2423 511 2487 in
534 2443 577 2487 or.
599 2420 770 2490 VH—XI
797 2426 1073 2487 commemoratam
1105 2421 1237 2486 eandem
1268 2441 1335 2486 esse
1364 2424 1458 2503 atque
1479 2415 1567 2481 illam

196 2583 199 2590 .
260 2528 410 2594 orationis
431 2525 483 2594 VI
505 2547 655 2610 apparere
677 2525 807 2591 videtur.

350 2630 423 2716 Qua
445 2631 484 2696 ds
506 2652 540 2695 re
569 2630 738 2695 certissime
765 2630 904 2696 iudicare
926 2630 1086 2713 possimus,
1112 2630 1138 2695 si
1160 2629 1294 2694 libanio
1322 2627 1401 2693 fides
1422 2625 1569 2692 habenda

260 2739 311 2802 sit
354 2734 473 2800 Narrat
495 2734 577 2799 enim
600 2735 633 2797 in
656 2738 840 2818 argumento
862 2734 1012 2800 orationis
1038 2733 1086 2801 VI
1101 2755 1140 2799 ex
1154 2731 1382 2809 Φιλιππικοῖς
1395 2725 1568 2815 ἱστορίαις,

260 2846 299 2905 ut
312 2840 380 2924 ipse
397 2838 452 2904 illo
466 2837 535 2903 loco
557 2838 641 2919 dicit,
662 2837 811 2903 hauriens
833 2838 1006 2903 orationem
1027 2837 1080 2906 VI
1100 2837 1241 2902 habitam
1264 2857 1339 2917 esse,
1362 2856 1432 2900 eum
1447 2833 1569 2917 legatos

260 2941 410 3007 Athenas
429 2940 548 3005 miserit
569 2939 735 3024 Philippus
759 2935 952 3023 αἰτιώμενος
974 2934 1026 3005 ὅτι
1050 2938 1311 3024 διαβάλλουσι
1333 2944 1385 3024 (sc.
1409 2933 1440 3003 oi
1462 2931 1569 3024 Ἀθη-

259 3048 362 3130 ναῖοι)
398 3036 498 3110 abacia
531 3040 634 3131 μάτην
670 3041 765 3129 πρὸς
798 3042 885 3122 τούς
910 3037 1102 3131 Ἓλληνας
1134 3038 1184 3121 ὡς
1218 3034 1568 3129 ἀπαμμειλάμανον

260 3139 403 3225 αι’σοῖς
416 3145 549 3213 πολλὰ
564 3142 800 3232 καλξμεμάλα,
817 3146 1020 3233 ψευσάμενον
1031 3146 1080 3213 δέ·
1096 3141 1209 3214 οὐδὲν
1223 3144 1297 3233 γὰρ
1311 3140 1569 3235 ὖποσχῆσθαί

260 3275 384 3340 φησιν
416 3246 485 3318 οὐδ’
516 3249 684 3336 ἐψεῦσθαι
713 3249 768 3317 καὶ
802 3248 880 3339 περὶ
910 3250 1032 3317 τούτων
1061 3247 1206 3339 ἐλέγχους
1227 3244 1375 3317 α’παιτεῖ.
1419 3250 1569 3316 Dubitari

261 3378 327 3421 non
348 3362 460 3441 potest,
482 3356 558 3439 quin
578 3355 719 3439 Philippi
739 3356 843 3438 verba,
866 3378 947 3440 quae
968 3356 1121 3422 Libanius
1143 3354 1242 3436 affert,
1262 3356 1373 3421 eadem
1389 3355 1453 3420 sint
1474 3360 1569 3438 atque

259 3460 328 3542 illa,
349 3481 481 3544 quorum
502 3459 707 3544 Hegesippus
728 3461 919 3525 mentionem
940 3460 1019 3525 iacit
1041 3459 1111 3529 VII
1133 3460 1190 3525 33:
1224 3456 1303 3545 περὶ
1331 3456 1368 3524 δὲ
1396 3458 1461 3523 τῶν
1483 3450 1570 3523 ὓπο-

260 3559 403 3643 σχέσεων
425 3545 469 3626 ὧν
491 3556 568 3645 ὑμῖν
589 3561 732 3627 διατελεῖ
752 3552 1010 3646 ὑπισχνούμενος
1030 3556 1075 3641 ὡς
1089 3558 1241 3649 μεγάλα
1254 3553 1354 3644 ὗμὸς
1368 3556 1571 3650 εὐεργετή-

261 3687 340 3731 σων
372 3660 648 3750 καταψεύδεσθαί
679 3662 722 3746 με’
762 3687 863 3751 φησιν
894 3660 1016 3731 αὐτοῦ
1052 3657 1319 3750 διαβάλλοντα
1348 3659 1452 3752 πρὸς
1478 3662 1571 3744 τους

251 3760 427 3856 Ἕλληνας·
460 3762 574 3833 οὐδὲν
602 3765 675 3854 γὰρ
697 3762 790 3850 ἱμῐν
811 3764 982 3836 πώποτέ
1004 3792 1121 3856 φησιν
1152 3764 1423 3858 ὗποσχῇσθαι,
1456 3770 1503 3836 ita
1534 3776 1572 3836 ut

260 3872 418 3939 Libanius
440 3892 480 3936 ex
500 3869 676 3955 Hegesippi
698 3871 837 3937 oratione
858 3871 999 3938 hausisse
1021 3872 1171 3955 videatm,
1194 3873 1277 3958 quod
1298 3879 1405 3939 tamen
1428 3873 1496 3940 fieri
1517 3895 1571 3939 ne-

261 3976 340 4059 quit,
363 3996 434 4039 cum
458 3973 592 4039 Libanio
615 3974 664 4039 vel
688 3975 817 4057 auctori,
838 3996 932 4059 quem
954 3981 1079 4042 secutus
1102 3982 1156 4058 est,
1178 3998 1219 4043 ne
1240 3978 1274 4041 in
1289 3982 1426 4042 mentem
1442 3978 1570 4062 quidem

261 4079 383 4145 venerit
414 4083 446 4142 et
473 4077 696 4143 Demosthenis
724 4079 897 4143 orationem
920 4079 972 4147 VI
999 4085 1032 4144 et
1052 4080 1230 4165 Hegesippi
1257 4080 1431 4147 orationem
1458 4080 1570 4145 eadem

262 4180 427 4247 occasione
449 4181 573 4247 habitas
595 4202 669 4247 esse.
712 4180 827 4247 Restat
849 4204 933 4267 erge,
954 4189 991 4249 ut
1012 4189 1043 4249 et
1065 4184 1098 4249 iu
1110 4183 1294 4268 Philippicis
1316 4184 1453 4250 historiis
1475 4184 1570 4249 stab

263 4285 450 4369 Hegesippo
471 4285 568 4351 verba
588 4307 626 4350 ex
648 4284 787 4369 Philippi
809 4285 921 4351 litteris
943 4285 1122 4370 afferantur,
1153 4288 1237 4372 quod
1264 4288 1393 4353 maximi
1415 4309 1482 4353 esse
1504 4308 1571 4352 mo·

264 4390 362 4455 menti
391 4389 522 4455 videtur.
568 4388 782 4456 Confirmatm
810 4389 894 4454 enim
916 4390 959 4472 id,
992 4391 1076 4473 quod
1107 4391 1146 4456 de
1178 4412 1277 4472 anno,
1309 4412 1372 4475 quo
1393 4390 1571 4474 Hegesippi

264 4493 364 4558 oratio
385 4492 496 4558 habita
518 4497 572 4574 est,
602 4492 842 4558 enucleavimus.
895 4493 1048 4559 Libanius
1080 4495 1163 4559 enim
1192 4496 1309 4579 pergit:
1343 4490 1501 4580 ἔπεμψαν
1533 4492 1572 4559 δέ

263 4588 348 4678 μετὰ
389 4592 565 4661 Φιλίππου
597 4592 654 4661 καὶ
683 4589 827 4681 Ἀργεῖοι
859 4593 916 4661 καὶ
949 4593 1132 4663 Moesiacos
1165 4594 1319 4685 πρέσβεις
1351 4592 1399 4675 εἷς
1423 4590 1571 4685 Ἀθήνας

354 4826 380 4895 1)
400 4827 539 4880 Isocrates
558 4826 679 4880 Panath.
700 4825 768 4879 159:
794 4822 874 4896 ἡμεῖς
899 4826 931 4881 δὲ
956 4830 999 4879 καὶ
1019 4831 1193 4897 Σπαρτιᾶται
1217 4832 1379 4899 συμμαχίας
1401 4824 1468 4898 ἡμῖν
1487 4821 1572 4894 ὕπαρ-

260 4911 376 4988 gainas.
487 4914 515 4985 2)
533 4914 572 4969 Vl
590 4914 704 4972 19-27.
