3650 5709
805 468 996 530 ..3-

248 655 297 721 At
317 678 380 721 non
401 657 468 721 sine
490 661 576 721 certa
597 676 693 722 causa
713 653 817 719 hebeti
840 654 1034 739 compilatori
1056 655 1241 739 diffidimus,
1268 661 1451 743 praeserhm
1473 680 1553 739 cuin,

248 782 340 843 quein
369 759 482 825 librum
503 758 592 826 XVI
620 758 817 825 conscribens
846 764 971 824 secutus
998 761 1048 840 sit
1075 762 1278 845 nesciamus1)
1322 762 1386 829 Sed
1407 763 1448 843 id,
1469 762 1553 846 qnod

249 870 364 943 narrat,
385 863 501 928 scholio
523 861 857 945 quodam'Aeseh'meo
878 862 1120 945 confirmem).
1162 857 1343 952 Ἀθηναῖοι
1362 860 1423 930 ἐπὶ
1438 869 1553 930 Πυθο-

251 976 346 1050 δότου
359 974 517 1069 ι’ίρχονιος
529 984 589 1047 τῶι
603 976 635 1067 β
648 977 714 1049 ἔτει
731 985 790 1070 τῆς
812 971 860 1070 οὗ
877 978 1115 1067 Ὀλυμπιάδος
1131 981 1312 1051 Φιλίππου
1324 982 1555 1069 βασιλεύοντος

251 1101 322 1181 ἔτος
352 1094 389 1192 7η
425 1098 758 1227 ίηποπτευομένης
799 1100 1058 1225 λυθήσεσθαι
1093 1104 1166 1193 τῆς
1201 1099 1304 1189 πρὸς
1347 1102 1555 1172 Φίλιππον

250 1204 406 1297 εἰρήνης
435 1203 592 1292 ἔπεμψαν
623 1206 793 1288 πολλαχοῦ
813 1210 872 1296 τῆς
892 1197 1045 1285 Ελλιίδος
1072 1205 1248 1294 πρεσβείας
1270 1206 1349 1294 περὶ
1371 1204 1555 1294 συμμαχίας

250 1310 306 1377 καὶ
328 1307 376 1389 εἰς
401 1306 582 1377 Θετταλίαν
602 1308 660 1376 καὶ
681 1305 877 1398 Μαγνησίαν
899 1307 976 1389 τοῖς
998 1309 1077 1396 περὶ
1096 1304 1379 1400 Ἀριστόδημον’
1359 1315 1553 1401 αποστῆσαι

251 1410 369 1493 αυτοὺς
387 1406 622 1498 βουλόμενοι’
602 1411 673 1481 απὸ
700 1410 934 1480 Φιλίππουῧ
917 1412 1063 1499 εγένοντο
1083 1412 1143 1499 μὲν
1165 1440 1223 1481 ουν
1244 1411 1359 1495 αὐτοῖς
1379 1410 1456 1483 τότε
1477 1410 1555 1499 ου’μ-

248 1542 349 1602 μαχοι
370 1512 512 1601 Ἀχαιοί,
525 1509 741 1604 'uuunder‘
711 1541 743 1583 οι
764 1509 848 1601 μετὰ
868 1517 1070 1599 Μαντινέων,
1089 1512 1244 1603 Ἀργεῖοι,
1267 1520 1555 1605 Μεγαλοπολῖται,

249 1616 450 1708 Μεσσήνιοι·
488 1618 634 1705 πόλεμος
669 1616 763 1687 δ”
722 1624 837 1699 αυτοῖς
867 1618 992 1706 ἐγένετο
1024 1618 1100 1688 τότε
1135 1621 1224 1706 πρὸς
1251 1620 1467 1706 Καρδιανοὺς,
1506 1612 1557 1697 οἷς

249 1721 415 1813 ἐβοήθησε
447 1720 636 1804 Φίλιππος.
680 1724 716 1794 Si
748 1725 935 1791 scholiastae
966 1725 1065 1791 iidem
1085 1725 1201 1792 habere
1229 1728 1392 1812 possimus,
1422 1726 1556 1791 Diodori

249 1831 388 1895 narratio
409 1830 621 1895 confirmetis.
663 1828 750 1895 Nam
771 1851 842 1894 cuin
864 1851 903 1894 ex
919 1828 1134 1896 Demosthene
1152 1837 1304 1915 appareat
1317 1830 1434 1895 bellum
1448 1835 1558 1893 contra

251 1934 426 2001 Cardianus
457 1932 496 1998 ab
518 1932 766 1999 Atheniensibus
796 1939 918 2017 gestum
952 1955 1020 1998 esse
1041 1934 1151 1999 eodem
1171 1940 1324 2019 tempore,
1357 1954 1419 2017 quo
1440 1933 1557 1998 behem

251 2044 360 2104 contra
381 2036 520 2103 Thraces
542 2059 563 2101 a
583 2036 743 2122 Philippo,
778 2059 834 2102 rex
860 2036 1073 2104 Macedonum
1108 2059 1261 2124 eponymo
1292 2037 1492 2123 Phythodotc
1524 2037 1557 2099 in

252 2142 388 2206 Thracia
409 2163 481 2206 cuin
502 2142 639 2206 exercitu
659 2147 801 2207 veisatus
822 2147 879 2207 est
921 2141 972 2205 At
994 2140 1183 2208 Schaefems
1204 2143 1237 2205 in
1260 2141 1425 2206 annalibus
1445 2138 1557 2204 Fleck-

251 2246 446 2327 eisenianis’)
467 2244 556 2310 dicit:
587 2244 702 2309 Dieses
725 2242 874 2310 Scholion
895 2246 938 2309 ist
957 2246 1111 2327 geeignet,
1132 2266 1192 2309 uns
1213 2266 1252 2309 zu
1273 2265 1408 2323 warneri,
1430 2242 1487 2307 auf
1507 2239 1558 2305 die

252 2347 410 2431 Angaben
432 2348 488 2413 des
510 2345 708 2437 Scholiasten
728 2346 903 2431 unbediiigt
923 2370 962 2412 zu
989 2352 1163 2413 vertrauen.
1207 2348 1304 2412 Denn
1325 2347 1383 2411 das
1405 2344 1558 2411 Tatsi'iuh·

251 2451 332 2516 liche
353 2451 443 2516 darin
465 2453 507 2515 ist
527 2450 631 2515 nichts
652 2450 792 2532 anderes,
813 2452 861 2515 als
882 2450 946 2516 dab
967 2450 1018 2516 die
1041 2450 1186 2515 Athener
1203 2452 1235 2514 in
1251 2449 1323 2515 dem
1338 2446 1559 2532 angegebeneii

252 2555 353 2619 Jahre
379 2554 612 2620 Demosthenes
643 2555 710 2620 und
737 2554 852 2620 andere
875 2553 1038 2621 Gesandte
1060 2556 1093 2618 in
1115 2553 1177 2619 den
1199 2554 1396 2638 Peloponnes
1418 2550 1561 2617 sandten.

253 2660 362 2724 Deien
395 2658 624 2742 Bemiihungen
659 2679 764 2724 waren
798 2658 886 2723 nicht
920 2663 1039 2723 unniitz
1071 2650 1155 2742 (οὔδ’
1177 2648 1336 2743 ίίχρηστον
1361 2655 1455 2721 Dein.
1476 2653 1560 2718 Phil.

253 2763 311 2826 HI
333 2766 398 2844 72),
426 2762 501 2827 aber
532 2764 584 2826 eiii
613 2762 759 2827 Biindnis
790 2761 942 2828 braohten
969 2764 1013 2827 sie
1045 2761 1133 2827 nicht
1154 2784 1193 2826 zu
1213 2761 1326 2844 Wege.
1371 2759 1560 2839 11¹4oi‚2

254 2868 331 2931 dicit
353 2868 400 2931 vir
421 2866 531 2932 doctus
551 2866 681 2931 foedera
702 2886 740 2931 eo
760 2871 900 2950 tempore
921 2866 985 2930 icta
1005 2886 1086 2946 esse,
1118 2886 1190 2930 cum
1217 2863 1334 2928 bellum
1356 2868 1465 2929 contra
1486 2861 1561 2925 Phi·

254 2970 375 3053 lippum
396 2971 546 3035 exarserit
566 2970 586 3033 'i
607 2990 635 3034 e.
658 2989 743 3033 anno
765 2971 829 3034 340
850 2968 921 3053 (11¹
942 2970 1027 3053 482).

341 3072 424 3138 Onm
445 3074 492 3153 iis,
522 3094 603 3156 quae
631 3072 672 3137 de
701 3072 880 3138 foederibus
901 3071 942 3136 ab
963 3069 1212 3136 Atheniensibus
1233 3091 1305 3135 cuin
1325 3070 1562 3154 Peloponnesiis

257 3178 326 3241 ictis
341 3177 458 3241 scholio
472 3182 648 3256 narrantur,
669 3177 736 3240 nixi
749 3181 902 3255 accurate,
924 3179 961 3240 ut
974 3173 1156 3254 videbimus,
1170 3174 1385 3240 demonstrare
1398 3176 1562 3257 possimus,

255 3280 381 3364 quando
411 3281 568 3345 orationes
587 3279 715 3344 habitae
736 3280 815 3361 sint,
844 3280 1016 3361 aegerrime
1038 3278 1200 3358 ferremus,
1221 3279 1247 3341 si
1269 3278 1455 3343 scholiastae
1475 3278 1564 3343 nulla

255 3384 339 3449 fides
360 3383 506 3450 habenda
527 3389 616 3449 esset
661 3382 727 3450 Sed
747 3404 798 3448 res
819 3383 1027 3467 perquirenda
1047 3388 1103 3447 est

343 3486 415 3571 Quo
445 3492 584 3570 tempore
612 3507 663 3551 res
685 3509 706 3551 a
726 3486 896 3552 scholiasta
922 3492 1069 3551 narratae
1097 3486 1202 3551 factae
1223 3485 1301 3566 sint,
1334 3489 1368 3548 et
1387 3481 1565 3549 nominibus

256 3611 479 3676 eponymorum
510 3590 755 3656 Atheniensium
788 3590 904 3656 additis
938 3597 971 3656 et
1003 3592 1094 3655 annis
1125 3611 1164 3655 ex
1187 3586 1411 3674 Olympiadum
1442 3587 1565 3651 ratione

256 3695 429 3759 numeratis
448 3700 482 3759 et
502 3695 594 3759 annis
615 3716 636 3758 a
656 3692 795 3778 Philippi
815 3694 904 3776 regni
926 3694 1016 3758 initio
1038 3693 1215 3777 praeteritis
1230 3691 1437 3775 significatur.
1482 3686 1565 3755 cim

256 3797 423 3882 Philippus
444 3818 528 3862 anno
549 3796 664 3884 seclae
687 3817 839 3882 eponymo
862 3795 1037 3863 Callimede
1058 3798 1079 3860 i.
1095 3818 1121 3860 e.
1135 3796 1236 3879 primo
1252 3797 1322 3861 105.
1368 3791 1565 3879 Olympiadis

256 3922 341 3966 anno
363 3922 467 3966 rerum
488 3902 607 3985 potitus
628 3902 705 3985 sit‘),
726 3900 904 3985 Pythodotc
927 3920 1001 3983 ergo
1022 3920 1175 3984 eponymo
1197 3896 1315 3985 (34312)
1336 3896 1474 3962 secundo
1495 3898 1566 3960 109.

258 4004 455 4090 Olympiadis
486 4025 569 4069 anno
597 4003 879 4069 duodevicesimum
908 4025 1026 4068 annum
1053 4003 1218 4087 imperium
1252 4006 1385 4081 teneret,
1424 4005 1567 4083 tempora

258 4108 369 4173 scholii
389 4109 472 4173 inter
492 4129 526 4173 se
547 4112 730 4191 congruunt

346 4210 428 4277 Gom
449 4211 556 4276 multis
578 4210 703 4275 scholiis
724 4209 911 4275 Aeschineis
932 4210 1062 4274 nomina
1079 4228 1303 4293 eponymornm
1317 4208 1453 4290 ascripta
1468 4206 1566 4289 sinu),

259 4318 322 4380 tn'a
352 4321 477 4381 exstant
504 4314 623 4379 scholia
650 4314 744 4379 simili
764 4314 857 4379 modo
879 4334 917 4379 ao
938 4311 1033 4377 schol
1055 4311 1097 4376 ad
1118 4312 1190 4391 3,83
1212 4308 1407 4393 significata,
1435 4329 1567 4391 qnorum

259 4419 323 4484 duo
344 4419 439 4484 liceat
460 4417 613 4500 arianen.
655 4416 804 4483 Foitasse
827 4418 919 4498 enim,
950 4417 1038 4482 cuius
1058 4415 1194 4479 auctoris
1213 4414 1285 4494 sint,
1306 4412 1446 4478 divinare
1460 4432 1567 4496 possu-

260 4544 339 4587 mus.
383 4522 425 4586 In
447 4520 564 4587 scholio
585 4520 627 4586 ad
649 4520 765 4586 Aescli
780 4524 809 4601 3,
824 4523 865 4586 85
888 4520 928 4586 de
949 4517 1132 4584 Mnesarchi
1149 4516 1227 4581 filiis
1251 4516 1402 4599 scriptum
1421 4515 1567 4598 legimus:

396 4660 539 4715 Schwartz
556 4658 659 4714 P-W.
676 4660 701 4713 V
718 4658 781 4715 682.
923 4657 950 4727 2)
968 4658 1005 4712 ad
1022 4657 1049 4726 3,
1068 4656 1103 4711 83
1121 4655 1164 4710 ed.
1184 4654 1215 4711 Il.
1234 4654 1360 4709 Schultz.

395 4749 448 4804 vol.
467 4748 502 4803 98
520 4766 547 4820 p.
565 4747 609 4803 27.
713 4748 742 4817 4)
762 4746 894 4802 Sohaefer
912 4746 958 4801 11¹
977 4745 1019 4813 16,
1039 4744 1184 4800 Schwartz
1203 4744 1224 4798 l.
1242 4760 1266 4798 ο.
1285 4760 1312 4813 p.
1333 4741 1359 4795 7.

397 4839 421 4905 1,
440 4837 487 4904 533
512 4836 537 4904 2,
555 4838 603 4905 31;
628 4836 766 4906 2,75;2,
786 4834 848 4902 175,
872 4853 927 4905 quo
945 4836 1005 4889 loco
1025 4834 1112 4891 etiam
1130 4831 1329 4909 olympiadum
1349 4829 1423 4886 ratio
1442 4828 1568 4883 additur.

370 4931 379 4997 )
397 4927 525 4992 Tertium
543 4929 589 4989 est
607 4926 643 4988 ad
660 4926 688 4998 3,
706 4925 741 4984 51
761 4924 927 5006 asumptum.
