3650 5709
804 466 1015 532 ..35-

253 652 354 719 centis
375 654 509 737 triginta
536 652 667 719 navibus
697 654 797 738 captis
825 653 918 737 lignis
947 650 1034 740 τιρδς
1055 650 1096 719 τὰ
1117 652 1336 742 μηχανώματα
1363 679 1453 722 usum
1487 678 1565 723 esse.

255 756 452 843 Epistulam,
485 780 556 823 cum
584 756 750 841 Philippus
772 757 963 843 Byzantium
993 758 1163 841 obsideret,
1195 759 1341 843 scriptam
1372 781 1439 826 esse
1468 761 1564 825 etiam

257 882 297 926 ex
319 861 469 927 orationis
491 860 729 926 Anaximeneae
751 866 769 944 ξ
792 861 864 946 hsq.
886 862 991 947 (Dem.
1014 861 1083 947 XI)
1111 868 1250 947 apparet
1296 862 1377 929 Cum
1400 862 1566 946 Philippus

258 964 450 1050 Byzantium
487 971 638 1031 autumno
675 965 739 1030 340
775 966 825 1031 vel
861 966 964 1032 hieme
997 966 1135 1049 340s339
1173 966 1313 1032 obsidere
1348 966 1498 1051 inciperet
1534 968 1566 1029 et

259 1069 369 1134 urbam
404 1090 502 1153 usque
538 1068 579 1133 ad
614 1089 668 1133 ver
702 1069 767 1134 339
779 1073 800 1150 ¹)
836 1075 1045 1154 oppugnaret,
1086 1070 1206 1155 longa
1246 1076 1302 1135 aut
1303 1092 1353 1135 em
1397 1068 1566 1135 obsidionis

259 1194 348 1237 mora
377 1172 546 1238 exhaustus
577 1173 796 1237 commercium
825 1174 865 1239 de
894 1174 1028 1258 piratica
1060 1180 1269 1253 mutuaretur,
1301 1173 1433 1239 navibus
1465 1170 1566 1255 captis

261 1275 473 1341 Athenienses
495 1276 635 1393 Philippi
658 1276 738 1361 epist
725 1276 791 1342 tula
820 1283 951 1362 accepta
980 1278 1098 1344 bellum
1119 1223 1307 1358 indicereht,
1280 1276 1479 1361 tPhilippi
1500 1275 1565 1359 epi-

260 1380 376 1445 stulam
397 1401 468 1445 vere
491 1380 554 1446 339
576 1380 704 1445 missam
726 1402 793 1445 esse
825 1381 991 1447 verisimile
1024 1387 1078 1447 est
1122 1326 1377 1446 Tenendunit
1331 1386 1377 1446 est
1400 1378 1565 1465 epistulam

260 1489 331 1567 post
351 1483 537 1549 Perinthum
559 1488 773 1568 oppugnatam
795 1486 922 1550 missam
944 1506 1019 1550 esse.

347 1587 451 1657 Valde
474 1586 637 1669 miramur,
666 1587 750 1671 quod
772 1588 805 1652 in
828 1588 1048 1672 epistulares,
1077 1610 1116 1653 ex
1138 1610 1201 1672 qua
1222 1587 1340 1653 bellum
1361 1586 1490 1667 exarsit,
1513 1590 1566 1669 (sc.

260 1712 356 1756 naves
378 1696 503 1776 captae,
536 1691 575 1756 de
609 1690 722 1779 quibus
753 1692 820 1757 sine
851 1692 946 1757 dubio
968 1692 1183 1758 Athenienses
1217 1691 1379 1776 conquesti
1412 1696 1495 1773 suut)
1525 1711 1566 1754 ne

260 1815 324 1859 uno
345 1794 472 1878 quidem
494 1795 587 1861 verbo
609 1794 837 1880 perstringitur.

346 1898 530 1964 Praeterea:
560 1900 594 1964 in
616 1898 768 1983 epistulae
790 1900 920 1985 §tsqq
943 1922 998 1965 rex
1020 1901 1221 1985 conqueritur
1242 1899 1281 1964 de
1304 1896 1464 1982 Diopithe,
1487 1896 1567 1962 duce

260 2000 514 2068 Atheniensium.
560 2001 597 2069 Si
618 2024 674 2068 rex
694 2002 840 2085 babebat,
860 2025 917 2068 cur
937 2004 1123 2089 Diopithem
1145 2008 1316 2083 accusaret,
1339 1999 1507 2086 Diopithes
1531 2021 1568 2065 eo

260 2112 410 2191 tempore,
438 2128 501 2191 quo
522 2106 642 2172 litteras
663 2107 794 2191 scripsit,
824 2129 894 2173 cum
927 2110 1064 2174 exercitu
1093 2110 1127 2174 in
1151 2108 1347 2175 Chersoneso
1375 2103 1568 2170 versabatur.

260 2209 347 2275 Nam
377 2211 403 2275 si
433 2211 603 2295 imperator
634 2210 785 2276 multatus
818 2217 915 2294 esset,
948 2234 1042 2296 quam
1073 2234 1139 2277 rem
1174 2211 1387 2277 Athenienses
1420 2201 1568 2292 Philippo

261 2314 354 2379 amici
377 2336 498 2380 summo
521 2336 592 2379 cum
614 2313 717 2380 studio
740 2314 962 2397 moliebantur,
995 2315 1162 2401 Philippus
1191 2315 1294 2380 dicere
1315 2335 1379 2379 non
1400 2312 1567 2398 potuisset:

261 2415 319 2481 καὶ
341 2418 445 2481 ταῦτα
473 2420 535 2482 coir
567 2411 674 2506 δήμωι
698 2412 901 2484 συνδοκοῦντ’
934 2414 1091 2509 ἐποίησεν
1113 2423 1144 2505 (ξ
1167 2420 1208 2501 3).
1254 2416 1437 2502 Diopithem
1461 2420 1568 2480 autem

261 2521 339 2586 mihi
366 2521 492 2606 quidem
522 2543 561 2586 ex
583 2522 771 2589 Philochoro
801 2524 996 2610 aDionysio
1018 2523 1296 2591 Halicarnassensi
1324 2519 1454 2586 laudato
1463 2522 1485 2602 ¹)
1514 2540 1569 2603 ap·

261 2647 372 2709 parere
395 2626 518 2691 videtur
538 2647 601 2692 uon
631 2626 715 2691 ultra
744 2649 862 2693 annum
884 2628 1055 2713 Pythodoti
1078 2628 1195 2714 (343y2)
1218 2622 1570 2709 exercitui'praeluisse.

263 2730 435 2815 Dionysius
466 2730 548 2795 enim
582 2730 622 2795 de
652 2730 792 2796 oratione
825 2731 978 2815 quadam,
1018 2753 1099 2816 quae
1140 2732 1242 2797 fertur
1272 2728 1440 2809 Dinarchi,
1480 2726 1569 2790 dicit:

265 2828 475 2910 Διοπείθους
506 2828 569 2898 ότι
603 2831 683 2918 περὶ
710 2823 946 2921 Ἑλλήσποντον
978 2836 1037 2899 τοῦ
1069 2835 1137 2899 τῶν
1165 2828 1354 2921 >Αδηναίυνν
1388 2830 1571 2917 στρατηγοῦ

263 2931 489 3022 διατρίβοντος
510 2930 637 3023 εἴρηται
660 2930 677 3001 δ
702 2931 807 3021 λόγος,
842 2928 887 3014 ὡς
916 2932 953 3016 ἐξ
980 2930 1082 3003 αἰτοῦ
1112 2933 1233 3023 γίνεται
1257 2929 1410 3021 φανερόν·
1444 2923 1567 2998 ἔστιδ’

264 3032 282 3103 ό
298 3035 411 3124 χρόνος
426 3037 509 3104 κατὰ
524 3034 723 3105 Πυθόδοτον
739 3031 887 3125 ἄρχοντα,
910 3034 956 3118 ὡς
978 3040 1073 3129 δηλοῖ
1090 3036 1270 3125 Φιλόχορος
1291 3036 1349 3102 σδν
1370 3039 1441 3114 τοῖς
1455 3027 1571 3112 όλλοις

267 3151 295 3221 <
321 3140 382 3220 τδς
410 3132 572 3221 Ἀτθίδας
597 3138 832 3229 συγγράψασιν,
866 3134 1050 3230 εὑρίσκεται
1076 3152 1104 3223 >
1130 3134 1160 3209 δ’
1182 3138 1200 3209 ὁ
1223 3134 1330 3230 ῥήτωρ
1361 3136 1421 3206 ἐντὶ
1452 3135 1571 3204 τούτου

264 3249 324 3311 τοῦ
346 3239 500 3332 όρχοντος
522 3242 655 3314 οὐδέπω
677 3241 826 3313 εἰκοστόν
848 3242 930 3330 ἔχων
951 3243 1032 3326 ἔτος.
1076 3248 1187 3315 Oratio
1209 3248 1318 3332 igitur,
1350 3245 1467 3330 quippe
1488 3264 1571 3328 quae

265 3351 417 3436 Diopithe
449 3352 638 3436 imperatore
669 3350 779 3418 habita
810 3353 862 3435 sit,
894 3375 958 3419 non
988 3354 1072 3418 infra
1099 3375 1217 3418 annum
1240 3351 1334 3436 343y2
1365 3348 1475 3413 habita
1505 3368 1572 3412 esse

264 3454 375 3537 potuit
419 3454 525 3520 Annis
555 3476 629 3539 ergo
660 3457 860 3540 sequentibus
882 3458 1031 3523 exercitui
1056 3455 1302 3523 Chersonesiaoo
1335 3474 1398 3518 noo
1420 3455 1572 3536 praeerat.

265 3558 436 3643 Dionysius
468 3578 541 3641 ergo
572 3558 658 3642 apud
680 3558 902 3627 Philochorum
935 3561 1055 3626 invenit
1077 3559 1210 3643 aliquid,
1243 3580 1282 3624 ex
1302 3579 1365 3642 quo
1386 3555 1570 3640 Diopithem

265 3681 328 3727 non
349 3662 433 3726 infra
455 3682 573 3724 annum
585 3661 680 3743 343y2
702 3664 922 3746 imperatorem
937 3665 1035 3730 fuisse
1051 3662 1232 3748 apparebat.
1277 3661 1340 3726 Pro
1363 3666 1447 3726 certo
1463 3658 1572 3723 haberi

265 3769 369 3850 potest
397 3762 615 3847 Theophrasto
648 3785 801 3849 eponymo
833 3767 950 3852 aloyae
987 3768 1019 3830 in
1055 3766 1250 3833 Chersoneso
1283 3785 1345 3829 non
1377 3762 1572 3847 Diopithem,

266 3867 330 3948 sed,
353 3872 388 3931 ut
411 3888 449 3930 ex
471 3866 602 3951 Didymi
625 3867 681 3931 col.
705 3867 755 3949 10,
778 3868 892 3953 50sqq.
918 3875 1061 3954 apparet,
1093 3869 1263 3936 Charetem
1286 3888 1427 3933 summae
1450 3866 1574 3950 imperii

265 3970 448 4053 praefuisse,
469 3969 553 4053 quod
575 3969 625 4035 vel
647 3991 730 4037 anno
745 3971 862 4055 341y40
882 3975 1003 4038 lactum
1026 3994 1093 4038 esse
1115 3972 1197 4037 tituli
1214 3970 1377 4037 cuiusdam
1396 3969 1574 4035 testimonio

266 4079 391 4139 constat
412 4073 506 4157 (CIA
529 4072 567 4138 H
590 4073 677 4158 116);

350 4170 428 4240 Ἐπὶ
450 4169 687 4260 Νικομαχου”
663 4201 817 4264 αρχοντος
838 4173 895 4244 ari
895 4228 1051 4244 ......
1073 4170 1158 4245 υιναι
1188 4174 1245 4242 καὶ
1266 4200 1337 4254 τοις
1354 4170 1575 4254 Ἐλαιουσιοις

267 4272 309 4344 roi
332 4270 417 4345 αότδ
441 4273 531 4368 (irrep
562 4277 741 4371 όδημοςέ
743 4275 910 4370 ψήφισται
933 4284 1006 4359 τοῖς
1028 4276 1298 4369 Χυρῤονησιταις,
1332 4275 1390 4345 τδν
1421 4274 1458 4343 δὲ
1479 4298 1574 4363 στρα-

266 4377 365 4471 τηγδν
388 4378 527 4472 Χάρητα
550 4375 860 4508 ἐπιμεληθῆναι
817 4388 926 4451 αυτῶν
958 4384 992 4451 ἓν
1016 4382 1148 4471 τρόπων
1170 4386 1233 4449 τῶι
1255 4377 1373 4465 αυτῶι,
1406 4373 1502 4459 ὅπως
1534 4370 1575 4446 δν

268 4483 392 4611 ξ’χηντες
411 4482 614 4555 Ἐλαιούσιοι
641 4484 682 4555 τδ
705 4484 827 4556 ἑαυτῶν
849 4483 964 4578 ὀρθῶς
984 4489 1041 4557 καὶ
1064 4485 1202 4565 δικαίως
1225 4482 1343 4553 οικῶσι
1364 4481 1448 4570 μετὰ
1468 4479 1575 4572 Ἀθη-

267 4614 367 4655 ναιων
389 4588 423 4656 ἐν
445 4588 657 4682 Χυῤῥονήσωι
678 4588 742 4658 aci,

358 4837 385 4906 1)
403 4837 565 4907 Kromayer,
585 4840 697 4896 Strassb.
718 4838 889 4894 Festschrift
908 4838 976 4893 1901
997 4856 1023 4908 p.
1044 4837 1105 4892 220.

357 4926 384 4998 2)
404 4928 467 4999 περὶ
485 4925 642 5005 Δεινάρχου
660 4948 682 4985 c.
702 4929 736 4987 13
754 4946 781 5004 p.
799 4927 854 4988 320
872 4927 914 4982 od.
933 4926 1268 4985 Usener-Radermacher.
