3650 5709
804 422 1014 492 ..26-

263 631 398 683 mensem
421 615 517 681 Mart
538 614 602 680 343
625 619 680 680 est
723 614 773 678 At
794 614 836 679 ad
858 614 908 678 19.
931 636 1050 680 anuum
1066 616 1149 683 Ochi
1162 618 1376 703 Hieronymus
1396 616 1560 683 adscribit:

261 720 384 787 »Ochus
414 719 577 786 Sidoniam
607 717 757 783 subvertit
785 723 817 782 ot
846 718 1028 802 Aegyptum
1058 741 1114 786 suo
1135 721 1237 786 iunxit
1256 722 1412 805 imperio«,
1441 742 1559 785 annum

261 822 356 910 34110
378 823 426 887 vel
448 821 563 908 340139
585 818 770 904 significans.
817 819 909 904 Quae
942 822 1038 887 verba
1070 824 1153 906 quod
1186 846 1248 890 non
1281 828 1462 908 congruunt
1492 844 1556 888 cum

260 928 306 1008 iis,
322 948 401 1010 quae
416 948 455 991 ex
468 925 662 1008 Hieronymo
677 944 771 1007 supra
786 923 948 990 attulimus
963 930 995 990 et
1010 947 1049 990 cx
1063 926 1259 992 Manethone
1274 926 1389 993 hausta
1405 948 1475 993 esse
1491 948 1556 992 con·

261 1036 324 1095 stat
344 1028 443 1113 (»Huo
464 1048 561 1111 usque
583 1026 770 1107 Manethor),
793 1048 855 1092 uon
878 1049 918 1092 ex
932 1026 1138 1095 Manethonis
1152 1029 1238 1095 libris
1252 1029 1421 1095 annalibus
1432 1029 1555 1096 fluxisse

261 1138 396 1216 apparet.
442 1130 522 1197 Cum
546 1151 619 1213 ergo
641 1151 688 1211 ea,
709 1151 790 1213 quae
811 1130 851 1195 ab
869 1130 1034 1213 Africano,
1055 1132 1203 1213 Eusebio,
1225 1132 1421 1217 Hieronymo
1443 1133 1554 1199 tradita

260 1241 340 1316 sunt,
361 1236 441 1299 inter
462 1255 495 1299 se
517 1255 580 1298 nou
602 1239 784 1315 congruant,
806 1233 885 1297 nihil
906 1235 1102 1318 relinquitur,
1128 1236 1187 1302 nisi
1209 1242 1245 1300 ut
1266 1235 1308 1301 ad
1330 1235 1466 1301 Diodori
1488 1260 1550 1302 nar-

258 1338 408 1402 rationem
436 1337 661 1421 confugiamus,
688 1359 782 1421 quam
804 1336 971 1418 Judeich1)
1002 1359 1065 1404 nou
1087 1345 1170 1404 recte
1193 1344 1402 1423 pertractasse
1425 1340 1550 1407 videtur.

342 1440 500 1506 Diodorus
530 1446 693 1525 postquam
717 1440 893 1525 Aegyptios
915 1464 935 1505 a
957 1441 1124 1507 Persarum
1147 1464 1221 1526 rege
1243 1443 1395 1509 defecisse
1417 1444 1551 1529 regisque

257 1544 457 1628 imperatores
478 1549 587 1610 contra
608 1565 661 1609 eos
682 1566 747 1609 rem
763 1544 846 1609 male
862 1546 992 1629 gessisse
1008 1545 1141 1611 breviter
1156 1548 1334 1630 exposuitq,
1357 1569 1383 1612 c.
1401 1546 1548 1634 42,1sqq.

258 1654 364 1713 narrat
385 1670 467 1714 anno
489 1647 605 1734 351150
626 1669 741 1731 regem,
764 1669 835 1713 curn
850 1648 967 1714 bellum
983 1654 1092 1714 contra
1107 1650 1281 1734 Aegyptios
1295 1656 1429 1734 pararet,
1451 1659 1549 1718 contra

258 1749 458 1817 Phoenicium
480 1751 626 1835 Belesyu,
656 1750 767 1836 Syriae
788 1756 957 1836 satrapam,
979 1757 1011 1817 ct
1032 1750 1211 1833 Mazaeum,
1238 1752 1370 1819 Ciliciae
1391 1759 1548 1840 satrapam,

257 1855 371 1921 bellum
394 1877 500 1939 gerere
520 1855 654 1936 iussisse,
676 1876 729 1920 eos
751 1861 856 1920 autem
880 1877 900 1920 a
921 1854 1077 1937 Mentore,
1101 1857 1333 1941 Aegyptiorum
1354 1858 1438 1941 regis
1461 1857 1547 1943 impe·

257 1964 366 2037 ratore,
386 1958 483 2023 victos
505 1978 580 2023 esse.
623 1957 747 2022 Eodem
770 1963 939 2041 tempore⁸)
961 1958 1147 2024 seditionem
1161 1959 1272 2025 fecisse
1288 1959 1430 2045 Cyprios,
1453 1968 1548 2028 contra

256 2083 332 2144 quos
354 2061 484 2142 Idrieus,
513 2060 627 2127 Cariae
644 2082 708 2142 rex,
730 2061 813 2145 regis
828 2060 995 2127 Persarum
1018 2062 1106 2127 iussu
1120 2061 1312 2128 Phocionem
1331 2069 1363 2128 et
1376 2064 1547 2148 Euagoram

256 2186 325 2229 oum
349 2165 538 2230 exercituin
563 2163 701 2249 Cyprum
724 2165 851 2230 miserit

337 2268 389 2350 43,
411 2272 443 2333 1:
466 2289 572 2352 regern
595 2268 764 2333 Persarum
787 2289 903 2352 magno
925 2289 997 2333 cum
1019 2269 1157 2334 exercitu
1178 2270 1211 2334 in
1234 2269 1357 2355 Syriam
1379 2271 1546 2355 profectum

254 2371 373 2455 legatos
393 2374 427 2436 in
450 2372 617 2439 Graeciam
642 2372 769 2453 misisse,
791 2373 844 2456 qui
866 2372 1016 2437 auxilium
1038 2379 1188 2457 peterent
1237 2395 1262 2438 c.
1285 2373 1341 2439 45:
1377 2374 1548 2442 Auxiliisa

256 2476 386 2542 Graecis
406 2476 545 2541 nondum
567 2477 668 2542 missis
690 2498 796 2560 regem
821 2475 973 2542 Sidonem
995 2478 1230 2561 expugnavisse.

338 2580 389 2661 46,
412 2581 510 2664 lsqq.
533 2580 632 2645 Auno
653 2578 771 2667 350149
793 2579 926 2665 Cyprios
954 2585 1079 2663 praeter
1108 2579 1299 2647 Salaminios
1327 2603 1395 2648 sese
1424 2582 1458 2646 in
1479 2585 1549 2667 regis

254 2689 439 2768 potestatem
473 2684 656 2767 permisisse.
707 2684 891 2767 Euagoram
921 2704 978 2766 per
1006 2683 1099 2749 breve
1128 2686 1276 2768 temporis
1295 2686 1432 2770 spatium
1454 2707 1549 2770 regern

256 2785 352 2871 Cypri
373 2785 490 2852 factum
513 2808 588 2853 esse.
1106 2808 1108 2811 ’
1379 2812 1381 2815 ·

338 2891 389 2973 46,
412 2890 432 2954 4
462 2891 594 2956 Auxilia
615 2912 636 2955 a
657 2890 816 2955 Thebanis
844 2894 876 2955 et
902 2890 1031 2974 Argivis
1061 2891 1156 2956 missa
1184 2890 1217 2954 irr
1240 2891 1353 2956 Asiam
1383 2892 1551 2975 pervenisse

254 2993 347 3075 46,5
374 2989 581 3080 καταντήσας
609 2997 661 3075 (sc.
684 2988 851 3077 βασιλεύς)
880 2987 908 3057 ἀ
933 2988 992 3058 ἐπὶ
1025 2984 1084 3081 τήν
1104 2989 1248 3080 μεγάλην
1270 2990 1392 3081 λίμνην,
1420 2989 1499 3060 καθ’
1520 2983 1553 3079 ἣν

254 3094 325 3164 ἔστι
356 3094 397 3162 τά
424 3093 607 3180 καλούμενα
637 3090 814 3181 Βάραθρα,
847 3094 946 3181 μέρος
974 3097 1034 3184 τῆς
1056 3091 1222 3179 δυνάμεως
1248 3089 1400 3180 ἀπέβαλε
1423 3096 1481 3163 διὰ
1502 3096 1553 3186 τήν

255 3195 412 3288 ἀπειρίαν
443 3206 506 3266 τῶν
539 3194 654 3267 τύπων
794 3198 972 3265 διελθών
1004 3196 1045 3264 δὲ
1081 3197 1130 3264 τά
1162 3191 1359 3285 Βάραθρα
1388 3192 1473 3284 μετά
1504 3202 1555 3289 τῆς

255 3301 418 3388 δυνάμεως
439 3300 457 3371 ὃ
479 3303 631 3387 βασιλεὺς
652 3288 728 3391 ἧκεν
751 3298 798 3381 εἰς
820 3298 1014 3368 Πελούσιον.
1059 3301 1151 3386 Quae
1173 3303 1214 3367 ad
1239 3302 1373 3369 Diodori
1394 3304 1491 3370 verba
1511 3326 1553 3369 re·

254 3409 386 3474 ferenda
407 3430 475 3475 esse
497 3414 589 3493 putat
609 3407 749 3473 Judeich
772 3404 818 3489 ea,
840 3429 922 3491 quae
944 3407 1101 3472 Isocrates
1124 3405 1154 3472 V
1178 3406 1240 3471 101
1264 3407 1353 3472 dicit:
1382 3402 1557 3493 Αἴγυπτος

254 3510 314 3595 μὲν
335 3510 395 3598 γὰρ
416 3505 607 3599 ἀφειστήκει
629 3509 689 3594 μὲν
709 3508 767 3577 καὶ
789 3505 860 3575 κατ’
885 3506 1006 3575 ἐκεῖνον
1027 3506 1086 3574 τὸν
1105 3503 1220 3596 χρόνον
1233 3516 1286 3594 (sc.
1303 3510 1491 3577 Artaxerxis
1505 3512 1558 3593 Π),

255 3610 292 3680 ού
310 3612 374 3703 μήν
393 3609 461 3681 ἀλλ’
479 3613 670 3703 ἐφοβοῦντο,
685 3611 731 3701 μή
744 3636 831 3680 ποτε
844 3612 1000 3697 βασιλεύς
1022 3607 1144 3689 αὐτὸς
1159 3607 1383 3700 ποιησάμενος
1397 3611 1560 3699 στρατείαν

256 3717 424 3808 κρατήσειε
454 3717 511 3785 καί
539 3721 599 3807 τῆς
628 3712 684 3784 dmi
708 3711 765 3783 τάν
787 3715 942 3800 ποταμὸν
970 3712 1149 3802 δυσχωρίας
1170 3714 1228 3781 καί
1250 3718 1309 3804 τῆς
1332 3708 1435 3806 ἀλλης
1458 3742 1560 3805 παρα-

255 3823 372 3910 σκευῆς
402 3817 552 3912 ἀπάσης·
584 3822 639 3888 νῦν
672 3818 700 3887 d
726 3805 823 3898 οὗτος
854 3815 1041 3909 ἀπήλλαξεν
1071 3811 1188 3897 αὐτούς
1221 3819 1280 3884 τοῦ
1309 3818 1403 3898 δέους
1431 3816 1560 3886 τούτου·

255 3924 442 4013 συναγαγών
467 3924 527 4012 γὰρ
550 3921 697 4009 δύναμιν,
721 3917 799 4014 ὅσην
822 3914 893 4002 οἷός
913 3919 942 3989 τ>
959 3912 1009 4012 ήν,
1034 3919 1191 4009 πλείστην
1212 3922 1269 3987 καὶ
1292 3920 1494 4010 στρατεύσας
1508 3919 1560 3989 ἐπ’

257 4023 385 4109 αύτούς,
412 4020 569 4119 ἀπῆλθεν
592 4028 720 4095 ἐκεῖθεν
741 4020 782 4096 ού
803 4027 900 4112 μόνον
921 4019 1080 4116 ἡττηθεὶς
1109 4020 1193 4091 ἀλλά
1222 4025 1278 4091 καί
1306 4026 1566 4110 καταγελασθεὶς

256 4132 312 4199 καὶ
335 4131 432 4213 δόξας
453 4126 529 4200 ούτε
550 4128 734 4217 βασιλεύειν
756 4125 831 4199 ούτε
853 4136 1044 4220 στρατηγεῖν
1057 4120 1149 4210 ἀξιος
1164 4121 1258 4195 εἶναι.
1297 4130 1379 4197 Cum
1392 4130 1566 4197 Isocratem

256 4239 398 4321 quintam
427 4238 600 4303 orationem
633 4242 753 4303 aestate
785 4237 860 4301 anni
881 4236 946 4301 346
975 4236 1104 4301 ineunte
1126 4236 1285 4319 scripsisse
1307 4240 1456 4316 constet4)
1480 4234 1568 4299 etin

257 4362 295 4405 ea
317 4341 521 4423 describatur,
551 4342 707 4425 quomodo
736 4341 791 4406 illo
820 4347 961 4424 ternpore
982 4361 1032 4405 res
1053 4360 1087 4405 se
1107 4339 1284 4420 habuerint,
1312 4338 1452 4405 Judeich
1476 4338 1569 4403 dicit:

257 4443 308 4507 Im
336 4444 496 4529 Priihjahr
516 4444 580 4510 346
610 4444 668 4510 hat
699 4444 808 4510 Ochus
834 4443 897 4509 deu
926 4448 1029 4508 ersten
1052 4442 1191 4510 Vorstcss
1221 4464 1322 4527 gegen
1345 4438 1495 4528 hgypten
1517 4464 1571 4527 ge-

259 4546 378 4629 macht,
398 4549 439 4614 ist
459 4548 543 4632 aber,
564 4547 607 4613 da
629 4570 663 4613 er
683 4547 735 4613 die
757 4546 889 4631 richtige
905 4546 1166 4630 Zugangsstrasse
1187 4546 1339 4611 verichlte
1361 4545 1427 4610 und
1449 4545 1573 4629 infolge

344 4791 370 4858 1)
391 4790 512 4844 Studien
532 4789 592 4844 172.
803 4788 831 4856 2)
851 4787 893 4852 16,
913 4785 957 4850 40,
978 4785 1070 4863 3sqq.

270 4871 274 4875 Α
344 4880 371 4949 31
390 4879 433 4946 42,
453 4874 555 4949 3“”μα
574 4876 605 4931 δὲ
624 4873 731 4934 τούτοις
749 4878 957 4946 πραττομένοις.
1099 4871 1126 4940 4)
1146 4869 1278 4924 Sohaoser
1296 4871 1343 4923 112
1361 4869 1423 4924 235.
