<?xml version="1.0" encoding="UTF-8"?>
<!DOCTYPE html PUBLIC "-//W3C//DTD XHTML 1.0 Transitional//EN"
    "http://www.w3.org/TR/xhtml1/DTD/xhtml1-transitional.dtd">
<html xmlns="http://www.w3.org/1999/xhtml" xml:lang="en" lang="en">
 <head>
  <title>
</title>
<meta http-equiv="Content-Type" content="text/html;charset=utf-8" />
  <meta name='ocr-system' content='tesseract 3.04.00' />
  <meta name='ocr-capabilities' content='ocr_page ocr_carea ocr_par ocr_line ocrx_word'/>
</head>
<body>
  <div class='ocr_page' id='page_1' title='image "./quaestionesdemo00stavgoog_0044.png"; bbox 0 0 3650 5709; ppageno 0'>
   <div class='ocr_carea' id='block_1_1' title="bbox 807 467 1018 531">
    <p class='ocr_par' dir='ltr' id='par_1_1' title="bbox 807 467 1018 531">
     <span class='ocr_line' id='line_1_1' title="bbox 807 467 1018 531; baseline 0.005 -17"><span class='ocrx_word' id='word_1_1' title='bbox 807 467 1018 531; x_wconf 72' lang='lat'><strong>...37-</strong></span> 
     </span>
    </p>
   </div>
   <div class='ocr_carea' id='block_1_2' title="bbox 260 651 1565 949">
    <p class='ocr_par' dir='ltr' id='par_1_2' title="bbox 260 651 1565 949">
     <span class='ocr_line' id='line_1_2' title="bbox 262 651 1565 741; baseline 0.004 -25"><span class='ocrx_word' id='word_1_2' title='bbox 262 673 329 717; x_wconf 93' lang='lat' dir='ltr'><strong>nem</strong></span> <span class='ocrx_word' id='word_1_3' title='bbox 353 651 444 721; x_wconf 92' lang='lat' dir='ltr'>VIII</span> <span class='ocrx_word' id='word_1_4' title='bbox 466 652 623 734; x_wconf 88' lang='lat' dir='ltr'><strong>scriberet,</strong></span> <span class='ocrx_word' id='word_1_5' title='bbox 644 657 733 718; x_wconf 87' lang='lat' dir='ltr'><strong>tanta</strong></span> <span class='ocrx_word' id='word_1_6' title='bbox 757 654 790 718; x_wconf 93' lang='lat' dir='ltr'><strong>in</strong></span> <span class='ocrx_word' id='word_1_7' title='bbox 812 654 972 720; x_wconf 79' lang='lat' dir='ltr'><strong>simultate</strong></span> <span class='ocrx_word' id='word_1_8' title='bbox 994 659 1085 720; x_wconf 89' lang='lat' dir='ltr'><strong>erant</strong></span> <span class='ocrx_word' id='word_1_9' title='bbox 1106 653 1318 721; x_wconf 83' lang='lat' dir='ltr'><strong>Athenienses</strong></span> <span class='ocrx_word' id='word_1_10' title='bbox 1340 660 1373 720; x_wconf 89' lang='lat' dir='ltr'><strong>et</strong></span> <span class='ocrx_word' id='word_1_11' title='bbox 1391 654 1565 741; x_wconf 82' lang='lat' dir='ltr'><strong>Philippus,</strong></span> 
     </span>
     <span class='ocr_line' id='line_1_3' title="bbox 261 747 1564 845; baseline 0.003 -26"><span class='ocrx_word' id='word_1_12' title='bbox 261 760 293 820; x_wconf 93' lang='lat' dir='ltr'><strong>nt</strong></span> <span class='ocrx_word' id='word_1_13' title='bbox 313 762 420 822; x_wconf 89' lang='lat' dir='ltr'><strong>orator</strong></span> <span class='ocrx_word' id='word_1_14' title='bbox 440 755 569 840; x_wconf 93' lang='lat' dir='ltr'><strong>quidam</strong></span> <span class='ocrx_word' id='word_1_15' title='bbox 591 756 625 820; x_wconf 92' lang='lat' dir='ltr'><strong>in</strong></span> <span class='ocrx_word' id='word_1_16' title='bbox 648 762 760 823; x_wconf 86' lang='lat' dir='ltr'><strong>senatu</strong></span> <span class='ocrx_word' id='word_1_17' title='bbox 781 757 916 845; x_wconf 74' lang='grc' dir='ltr'><strong>(βουλήι)</strong></span> <span class='ocrx_word' id='word_1_18' title='bbox 943 757 1072 824; x_wconf 75' lang='lat' dir='ltr'><strong>dixisset</strong></span> <span class='ocrx_word' id='word_1_19' title='bbox 1100 748 1145 835; x_wconf 79' lang='grc' dir='ltr'><strong>οῖς</strong></span> <span class='ocrx_word' id='word_1_20' title='bbox 1175 747 1238 841; x_wconf 67' lang='grc' dir='ltr'><strong>ἄρα</strong></span> <span class='ocrx_word' id='word_1_21' title='bbox 1270 756 1320 823; x_wconf 84' lang='grc' dir='ltr'><strong>δεῖ</strong></span> <span class='ocrx_word' id='word_1_22' title='bbox 1348 749 1405 824; x_wconf 79' lang='grc' dir='ltr'><strong>οόν</strong></span> <span class='ocrx_word' id='word_1_23' title='bbox 1426 763 1564 843; x_wconf 81' lang='grc' dir='ltr'><em>συμβου-</em></span> 
     </span>
     <span class='ocr_line' id='line_1_4' title="bbox 260 849 1565 949; baseline 0.002 -27"><span class='ocrx_word' id='word_1_24' title='bbox 260 852 394 922; x_wconf 74' lang='grc' dir='ltr'><em>λεύοντα</em></span> <span class='ocrx_word' id='word_1_25' title='bbox 425 850 448 945; x_wconf 71' lang='grc' dir='ltr'>ἢ</span> <span class='ocrx_word' id='word_1_26' title='bbox 477 855 515 924; x_wconf 81' lang='grc' dir='ltr'><strong>τὸ</strong></span> <span class='ocrx_word' id='word_1_27' title='bbox 545 858 701 941; x_wconf 77' lang='grc' dir='ltr'><em>πολεμεῖν</em></span> <span class='ocrx_word' id='word_1_28' title='bbox 733 853 851 937; x_wconf 77' lang='grc' dir='ltr'><em>ἁπλῶς</em></span> <span class='ocrx_word' id='word_1_29' title='bbox 883 849 904 947; x_wconf 75' lang='grc' dir='ltr'>ἢ</span> <span class='ocrx_word' id='word_1_30' title='bbox 934 852 1024 947; x_wconf 72' lang='grc' dir='ltr'><em>ἶῖγειν</em></span> <span class='ocrx_word' id='word_1_31' title='bbox 1053 853 1111 949; x_wconf 76' lang='grc' dir='ltr'><strong>τήν</strong></span> <span class='ocrx_word' id='word_1_32' title='bbox 1142 852 1267 949; x_wconf 80' lang='grc' dir='ltr'><em>εἰρήνην</em></span> <span class='ocrx_word' id='word_1_33' title='bbox 1290 855 1522 945; x_wconf 78' lang='grc' dir='ltr'><em>συμβουλεύειν</em></span> <span class='ocrx_word' id='word_1_34' title='bbox 1533 865 1565 945; x_wconf 88' lang='lat'><strong>¹),</strong></span> 
     </span>
    </p>
   </div>
   <div class='ocr_carea' id='block_1_3' title="bbox 222 961 1645 3741">
    <p class='ocr_par' dir='ltr' id='par_1_3' title="bbox 259 961 1645 2290">
     <span class='ocr_line' id='line_1_5' title="bbox 260 961 1565 1048; baseline 0.001 -21"><span class='ocrx_word' id='word_1_35' title='bbox 260 961 343 1045; x_wconf 90' lang='lat' dir='ltr'><strong>quod</strong></span> <span class='ocrx_word' id='word_1_36' title='bbox 363 963 430 1046; x_wconf 91' lang='lat' dir='ltr'><strong>ipse</strong></span> <span class='ocrx_word' id='word_1_37' title='bbox 452 962 682 1028; x_wconf 78' lang='lat' dir='ltr'><strong>Demosthenes</strong></span> <span class='ocrx_word' id='word_1_38' title='bbox 706 985 767 1028; x_wconf 91' lang='lat' dir='ltr'><strong>non</strong></span> <span class='ocrx_word' id='word_1_39' title='bbox 790 971 894 1048; x_wconf 85' lang='lat' dir='ltr'><strong>negat,</strong></span> <span class='ocrx_word' id='word_1_40' title='bbox 925 965 1022 1030; x_wconf 93' lang='lat' dir='ltr'><strong>immo</strong></span> <span class='ocrx_word' id='word_1_41' title='bbox 1045 964 1122 1029; x_wconf 89' lang='lat' dir='ltr'><strong>dicit</strong></span> <span class='ocrx_word' id='word_1_42' title='bbox 1142 962 1219 1028; x_wconf 90' lang='lat' dir='ltr'><strong>nihil</strong></span> <span class='ocrx_word' id='word_1_43' title='bbox 1241 985 1308 1030; x_wconf 90' lang='lat' dir='ltr'><strong>esse</strong></span> <span class='ocrx_word' id='word_1_44' title='bbox 1329 964 1484 1048; x_wconf 91' lang='lat' dir='ltr'><strong>reliquum</strong></span> <span class='ocrx_word' id='word_1_45' title='bbox 1505 964 1565 1029; x_wconf 91' lang='lat' dir='ltr'><strong>nisi</strong></span> 
     </span>
     <span class='ocr_line' id='line_1_6' title="bbox 260 1057 1565 1153; baseline 0.002 -23"><span class='ocrx_word' id='word_1_46' title='bbox 260 1057 447 1148; x_wconf 73' lang='grc' dir='ltr'><em>ἀμύνεσθαι</em></span> <span class='ocrx_word' id='word_1_47' title='bbox 479 1062 537 1131; x_wconf 83' lang='grc' dir='ltr'><strong>τὸν</strong></span> <span class='ocrx_word' id='word_1_48' title='bbox 568 1061 614 1145; x_wconf 80' lang='grc' dir='ltr'><strong>εἷς</strong></span> <span class='ocrx_word' id='word_1_49' title='bbox 646 1057 733 1153; x_wconf 84' lang='grc' dir='ltr'><em>ήμοῖς</em></span> <span class='ocrx_word' id='word_1_50' title='bbox 763 1058 946 1153; x_wconf 59' lang='lat' dir='ltr'><strong>laganae).</strong></span> <span class='ocrx_word' id='word_1_51' title='bbox 991 1067 1155 1152; x_wconf 89' lang='lat' dir='ltr'><strong>Philippus</strong></span> <span class='ocrx_word' id='word_1_52' title='bbox 1184 1086 1258 1151; x_wconf 88' lang='lat' dir='ltr'><strong>ergo</strong></span> <span class='ocrx_word' id='word_1_53' title='bbox 1287 1067 1398 1134; x_wconf 88' lang='lat' dir='ltr'><strong>litteris</strong></span> <span class='ocrx_word' id='word_1_54' title='bbox 1423 1066 1498 1149; x_wconf 91' lang='lat' dir='ltr'><strong>illis,</strong></span> <span class='ocrx_word' id='word_1_55' title='bbox 1531 1068 1565 1132; x_wconf 92' lang='lat' dir='ltr'><strong>in</strong></span> 
     </span>
     <span class='ocr_line' id='line_1_7' title="bbox 260 1168 1564 1253; baseline 0.001 -19"><span class='ocrx_word' id='word_1_56' title='bbox 260 1168 371 1253; x_wconf 87' lang='lat' dir='ltr'><strong>quibus</strong></span> <span class='ocrx_word' id='word_1_57' title='bbox 391 1190 425 1235; x_wconf 92' lang='lat' dir='ltr'><strong>se</strong></span> <span class='ocrx_word' id='word_1_58' title='bbox 448 1169 623 1237; x_wconf 74' lang='lat' dir='ltr'><strong>Sardianos</strong></span> <span class='ocrx_word' id='word_1_59' title='bbox 651 1169 807 1236; x_wconf 80' lang='lat' dir='ltr'><strong>adiuvisse</strong></span> <span class='ocrx_word' id='word_1_60' title='bbox 833 1177 1041 1252; x_wconf 80' lang='lat' dir='ltr'><strong>concesserat,</strong></span> <span class='ocrx_word' id='word_1_61' title='bbox 1071 1172 1207 1236; x_wconf 88' lang='lat' dir='ltr'><strong>minatus</strong></span> <span class='ocrx_word' id='word_1_62' title='bbox 1237 1176 1305 1236; x_wconf 89' lang='lat' dir='ltr'><strong>erat</strong></span> <span class='ocrx_word' id='word_1_63' title='bbox 1332 1192 1366 1236; x_wconf 92' lang='lat' dir='ltr'><strong>se</strong></span> <span class='ocrx_word' id='word_1_64' title='bbox 1388 1170 1564 1236; x_wconf 90' lang='lat' dir='ltr'><strong>Athenien·</strong></span> 
     </span>
     <span class='ocr_line' id='line_1_8' title="bbox 260 1264 1564 1361; baseline 0 -23"><span class='ocrx_word' id='word_1_65' title='bbox 260 1272 344 1339; x_wconf 89' lang='lat' dir='ltr'><strong>sibus</strong></span> <span class='ocrx_word' id='word_1_66' title='bbox 373 1272 489 1337; x_wconf 91' lang='lat' dir='ltr'><strong>bellum</strong></span> <span class='ocrx_word' id='word_1_67' title='bbox 517 1273 678 1338; x_wconf 89' lang='lat' dir='ltr'><strong>illaturum</strong></span> <span class='ocrx_word' id='word_1_68' title='bbox 711 1295 778 1339; x_wconf 93' lang='lat' dir='ltr'><strong>esse</strong></span> <span class='ocrx_word' id='word_1_69' title='bbox 811 1274 860 1357; x_wconf 86' lang='lat' dir='ltr'><strong>(cf.</strong></span> <span class='ocrx_word' id='word_1_70' title='bbox 890 1266 968 1356; x_wconf 78' lang='grc' dir='ltr'><em>ὑμῖν</em></span> <span class='ocrx_word' id='word_1_71' title='bbox 996 1268 1028 1339; x_wconf 80' lang='grc' dir='ltr'><strong>δ’</strong></span> <span class='ocrx_word' id='word_1_72' title='bbox 1052 1265 1203 1339; x_wconf 75' lang='grc' dir='ltr'><em>ἀπειλεῖν</em></span> <span class='ocrx_word' id='word_1_73' title='bbox 1225 1264 1288 1361; x_wconf 82' lang='grc' dir='ltr'><strong>ήδη</strong></span> <span class='ocrx_word' id='word_1_74' title='bbox 1318 1295 1360 1339; x_wconf 87' lang='lat' dir='ltr'><strong>sc.</strong></span> <span class='ocrx_word' id='word_1_75' title='bbox 1383 1272 1564 1358; x_wconf 89' lang='lat' dir='ltr'><strong>Philippum</strong></span> 
     </span>
     <span class='ocr_line' id='line_1_9' title="bbox 261 1375 1563 1461; baseline -0.002 -18"><span class='ocrx_word' id='word_1_76' title='bbox 261 1375 349 1443; x_wconf 87' lang='lat' dir='ltr'>VIII</span> <span class='ocrx_word' id='word_1_77' title='bbox 372 1375 434 1458; x_wconf 81' lang='lat'><strong>62),</strong></span> <span class='ocrx_word' id='word_1_78' title='bbox 455 1376 514 1441; x_wconf 87' lang='lat' dir='ltr'><strong>nisi</strong></span> <span class='ocrx_word' id='word_1_79' title='bbox 536 1376 594 1442; x_wconf 93' lang='lat' dir='ltr'><strong>sibi</strong></span> <span class='ocrx_word' id='word_1_80' title='bbox 616 1376 788 1461; x_wconf 84' lang='lat' dir='ltr'><strong>postulanti</strong></span> <span class='ocrx_word' id='word_1_81' title='bbox 809 1378 1036 1443; x_wconf 79' lang='lat' dir='ltr'><strong>satisfacerent.</strong></span> <span class='ocrx_word' id='word_1_82' title='bbox 1079 1377 1185 1443; x_wconf 88' lang='lat' dir='ltr'><strong>Unam</strong></span> <span class='ocrx_word' id='word_1_83' title='bbox 1208 1398 1288 1458; x_wconf 91' lang='lat' dir='ltr'><strong>rem,</strong></span> <span class='ocrx_word' id='word_1_84' title='bbox 1310 1376 1350 1442; x_wconf 94' lang='lat' dir='ltr'><strong>de</strong></span> <span class='ocrx_word' id='word_1_85' title='bbox 1372 1399 1435 1460; x_wconf 93' lang='lat' dir='ltr'><strong>qua</strong></span> <span class='ocrx_word' id='word_1_86' title='bbox 1458 1381 1563 1442; x_wconf 92' lang='lat' dir='ltr'><strong>actum</strong></span> 
     </span>
     <span class='ocr_line' id='line_1_10' title="bbox 260 1479 1645 1565; baseline 0.001 -21"><span class='ocrx_word' id='word_1_87' title='bbox 260 1485 314 1560; x_wconf 90' lang='lat' dir='ltr'><strong>est,</strong></span> <span class='ocrx_word' id='word_1_88' title='bbox 336 1500 376 1544; x_wconf 89' lang='lat' dir='ltr'><strong>ex</strong></span> <span class='ocrx_word' id='word_1_89' title='bbox 404 1479 458 1562; x_wconf 76' lang='lat'><strong>§8</strong></span> <span class='ocrx_word' id='word_1_90' title='bbox 481 1480 710 1563; x_wconf 84' lang='lat' dir='ltr'><strong>cognoscimus:</strong></span> <span class='ocrx_word' id='word_1_91' title='bbox 748 1480 930 1565; x_wconf 91' lang='lat' dir='ltr'><strong>Diopithem</strong></span> <span class='ocrx_word' id='word_1_92' title='bbox 962 1503 1032 1547; x_wconf 91' lang='lat' dir='ltr'><strong>cum</strong></span> <span class='ocrx_word' id='word_1_93' title='bbox 1059 1482 1197 1547; x_wconf 89' lang='lat' dir='ltr'><strong>exercitu</strong></span> <span class='ocrx_word' id='word_1_94' title='bbox 1222 1482 1256 1546; x_wconf 89' lang='lat' dir='ltr'><strong>in</strong></span> <span class='ocrx_word' id='word_1_95' title='bbox 1283 1480 1451 1546; x_wconf 82' lang='lat' dir='ltr'><strong>Thraciam</strong></span> <span class='ocrx_word' id='word_1_96' title='bbox 1477 1482 1564 1546; x_wconf 87' lang='lat' dir='ltr'><strong>inva-</strong></span> <span class='ocrx_word' id='word_1_97' title='bbox 1642 1507 1645 1511; x_wconf 93' lang='lat'>·</span> 
     </span>
     <span class='ocr_line' id='line_1_11' title="bbox 260 1583 1565 1670; baseline 0.001 -22"><span class='ocrx_word' id='word_1_98' title='bbox 260 1583 343 1648; x_wconf 86' lang='lat' dir='ltr'><strong>sisse.</strong></span> <span class='ocrx_word' id='word_1_99' title='bbox 397 1583 620 1649; x_wconf 88' lang='lat' dir='ltr'><strong>Demosthenis</strong></span> <span class='ocrx_word' id='word_1_100' title='bbox 648 1584 831 1661; x_wconf 87' lang='lat' dir='ltr'><strong>adversarii,</strong></span> <span class='ocrx_word' id='word_1_101' title='bbox 864 1590 900 1649; x_wconf 90' lang='lat' dir='ltr'><strong>ut</strong></span> <span class='ocrx_word' id='word_1_102' title='bbox 928 1606 990 1670; x_wconf 87' lang='lat' dir='ltr'><strong>pax</strong></span> <span class='ocrx_word' id='word_1_103' title='bbox 1023 1607 1094 1651; x_wconf 93' lang='lat' dir='ltr'><strong>cum</strong></span> <span class='ocrx_word' id='word_1_104' title='bbox 1124 1585 1272 1670; x_wconf 90' lang='lat' dir='ltr'><strong>Philippo</strong></span> <span class='ocrx_word' id='word_1_105' title='bbox 1304 1583 1389 1650; x_wconf 87' lang='lat' dir='ltr'><strong>facta</strong></span> <span class='ocrx_word' id='word_1_106' title='bbox 1418 1589 1565 1666; x_wconf 89' lang='lat' dir='ltr'><strong>servetur,</strong></span> 
     </span>
     <span class='ocr_line' id='line_1_12' title="bbox 259 1686 1565 1773; baseline 0.002 -22"><span class='ocrx_word' id='word_1_107' title='bbox 259 1687 278 1752; x_wconf 92' lang='lat' dir='ltr'><strong>i.</strong></span> <span class='ocrx_word' id='word_1_108' title='bbox 293 1708 320 1751; x_wconf 92' lang='lat' dir='ltr'><strong>e.</strong></span> <span class='ocrx_word' id='word_1_109' title='bbox 342 1691 378 1752; x_wconf 93' lang='lat' dir='ltr'><strong>ut</strong></span> <span class='ocrx_word' id='word_1_110' title='bbox 402 1686 566 1771; x_wconf 87' lang='lat' dir='ltr'><strong>Diopithes</strong></span> <span class='ocrx_word' id='word_1_111' title='bbox 587 1693 750 1753; x_wconf 87' lang='lat' dir='ltr'><strong>revocatus</strong></span> <span class='ocrx_word' id='word_1_112' title='bbox 771 1688 931 1770; x_wconf 92' lang='lat' dir='ltr'><strong>multetur,</strong></span> <span class='ocrx_word' id='word_1_113' title='bbox 952 1688 1121 1773; x_wconf 90' lang='lat' dir='ltr'><strong>postulant.</strong></span> <span class='ocrx_word' id='word_1_114' title='bbox 1166 1689 1217 1754; x_wconf 83' lang='lat' dir='ltr'><strong>Ex</strong></span> <span class='ocrx_word' id='word_1_115' title='bbox 1238 1689 1306 1773; x_wconf 90' lang='lat' dir='ltr'><strong>ipsa</strong></span> <span class='ocrx_word' id='word_1_116' title='bbox 1328 1709 1403 1773; x_wconf 85' lang='lat' dir='ltr'><strong>ergo</strong></span> <span class='ocrx_word' id='word_1_117' title='bbox 1425 1688 1565 1755; x_wconf 87' lang='lat' dir='ltr'><strong>oratione</strong></span> 
     </span>
     <span class='ocr_line' id='line_1_13' title="bbox 259 1790 1565 1876; baseline -0.001 -20"><span class='ocrx_word' id='word_1_118' title='bbox 259 1791 341 1856; x_wconf 90' lang='lat' dir='ltr'><strong>idem</strong></span> <span class='ocrx_word' id='word_1_119' title='bbox 365 1790 614 1856; x_wconf 88' lang='lat' dir='ltr'><strong>concludendum</strong></span> <span class='ocrx_word' id='word_1_120' title='bbox 636 1796 696 1872; x_wconf 90' lang='lat' dir='ltr'><strong>est,</strong></span> <span class='ocrx_word' id='word_1_121' title='bbox 725 1792 809 1875; x_wconf 93' lang='lat' dir='ltr'><strong>quod</strong></span> <span class='ocrx_word' id='word_1_122' title='bbox 833 1790 984 1856; x_wconf 81' lang='lat' dir='ltr'><strong>libanius</strong></span> <span class='ocrx_word' id='word_1_123' title='bbox 1006 1792 1039 1855; x_wconf 94' lang='lat' dir='ltr'><strong>in</strong></span> <span class='ocrx_word' id='word_1_124' title='bbox 1062 1797 1246 1876; x_wconf 82' lang='lat' dir='ltr'><strong>argumento</strong></span> <span class='ocrx_word' id='word_1_125' title='bbox 1268 1799 1388 1874; x_wconf 89' lang='lat' dir='ltr'><strong>narrat,</strong></span> <span class='ocrx_word' id='word_1_126' title='bbox 1414 1792 1565 1876; x_wconf 91' lang='lat' dir='ltr'><strong>populum</strong></span> 
     </span>
     <span class='ocr_line' id='line_1_14' title="bbox 261 1894 1565 1979; baseline 0.001 -20"><span class='ocrx_word' id='word_1_127' title='bbox 261 1894 502 1960; x_wconf 87' lang='lat' dir='ltr'><strong>Atheniensium</strong></span> <span class='ocrx_word' id='word_1_128' title='bbox 535 1895 568 1959; x_wconf 92' lang='lat' dir='ltr'><strong>in</strong></span> <span class='ocrx_word' id='word_1_129' title='bbox 605 1895 793 1975; x_wconf 88' lang='lat' dir='ltr'><strong>contionem,</strong></span> <span class='ocrx_word' id='word_1_130' title='bbox 829 1895 861 1959; x_wconf 92' lang='lat' dir='ltr'><strong>in</strong></span> <span class='ocrx_word' id='word_1_131' title='bbox 898 1918 961 1979; x_wconf 91' lang='lat' dir='ltr'><strong>qua</strong></span> <span class='ocrx_word' id='word_1_132' title='bbox 997 1895 1228 1961; x_wconf 87' lang='lat' dir='ltr'><strong>Demosthenes</strong></span> <span class='ocrx_word' id='word_1_133' title='bbox 1264 1897 1437 1961; x_wconf 92' lang='lat' dir='ltr'><strong>orationem</strong></span> <span class='ocrx_word' id='word_1_134' title='bbox 1476 1894 1565 1963; x_wconf 86' lang='lat' dir='ltr'>VIII</span> 
     </span>
     <span class='ocr_line' id='line_1_15' title="bbox 259 1997 1564 2083; baseline 0 -21"><span class='ocrx_word' id='word_1_135' title='bbox 259 1997 400 2064; x_wconf 88' lang='lat' dir='ltr'><strong>habitam</strong></span> <span class='ocrx_word' id='word_1_136' title='bbox 429 2019 497 2064; x_wconf 87' lang='lat' dir='ltr'><strong>esse</strong></span> <span class='ocrx_word' id='word_1_137' title='bbox 525 1998 629 2082; x_wconf 88' lang='lat' dir='ltr'><strong>fingit,</strong></span> <span class='ocrx_word' id='word_1_138' title='bbox 662 2004 698 2063; x_wconf 90' lang='lat' dir='ltr'><strong>ut</strong></span> <span class='ocrx_word' id='word_1_139' title='bbox 726 1998 765 2062; x_wconf 92' lang='lat' dir='ltr'><strong>de</strong></span> <span class='ocrx_word' id='word_1_140' title='bbox 795 1999 930 2083; x_wconf 90' lang='lat' dir='ltr'><strong>epistula</strong></span> <span class='ocrx_word' id='word_1_141' title='bbox 959 1999 1098 2083; x_wconf 91' lang='lat' dir='ltr'><strong>Philippi</strong></span> <span class='ocrx_word' id='word_1_142' title='bbox 1128 1999 1327 2081; x_wconf 83' lang='lat' dir='ltr'><strong>deliberaret,</strong></span> <span class='ocrx_word' id='word_1_143' title='bbox 1360 2004 1564 2064; x_wconf 87' lang='lat' dir='ltr'><strong>convocatum</strong></span> 
     </span>
     <span class='ocr_line' id='line_1_16' title="bbox 259 2100 1564 2186; baseline -0.002 -19"><span class='ocrx_word' id='word_1_144' title='bbox 259 2122 336 2167; x_wconf 89' lang='lat' dir='ltr'><strong>esse.</strong></span> <span class='ocrx_word' id='word_1_145' title='bbox 402 2100 548 2166; x_wconf 83' lang='lat' dir='ltr'><strong>Eandem</strong></span> <span class='ocrx_word' id='word_1_146' title='bbox 581 2101 747 2186; x_wconf 86' lang='lat' dir='ltr'><strong>epistulam</strong></span> <span class='ocrx_word' id='word_1_147' title='bbox 784 2123 868 2167; x_wconf 93' lang='lat' dir='ltr'><strong>nunc</strong></span> <span class='ocrx_word' id='word_1_148' title='bbox 903 2103 936 2166; x_wconf 93' lang='lat' dir='ltr'><strong>in</strong></span> <span class='ocrx_word' id='word_1_149' title='bbox 973 2123 1101 2186; x_wconf 85' lang='lat' dir='ltr'><strong>corpore</strong></span> <span class='ocrx_word' id='word_1_150' title='bbox 1134 2101 1381 2168; x_wconf 91' lang='lat' dir='ltr'><strong>Demosthenico</strong></span> <span class='ocrx_word' id='word_1_151' title='bbox 1417 2102 1564 2186; x_wconf 88' lang='lat' dir='ltr'><strong>scriptam</strong></span> 
     </span>
     <span class='ocr_line' id='line_1_17' title="bbox 259 2205 435 2290; baseline 0 -20"><span class='ocrx_word' id='word_1_152' title='bbox 259 2205 392 2290; x_wconf 83' lang='lat' dir='ltr'><strong>legimus</strong></span> <span class='ocrx_word' id='word_1_153' title='bbox 401 2208 435 2288; x_wconf 80' lang='lat'><strong>³).</strong></span> 
     </span>
    </p>

    <p class='ocr_par' dir='ltr' id='par_1_4' title="bbox 222 2307 1566 3741">
     <span class='ocr_line' id='line_1_18' title="bbox 344 2307 1565 2394; baseline -0.001 -20"><span class='ocrx_word' id='word_1_154' title='bbox 344 2307 419 2391; x_wconf 81' lang='lat' dir='ltr'><strong>Qua</strong></span> <span class='ocrx_word' id='word_1_155' title='bbox 441 2307 480 2374; x_wconf 92' lang='lat' dir='ltr'><strong>de</strong></span> <span class='ocrx_word' id='word_1_156' title='bbox 502 2331 535 2374; x_wconf 92' lang='lat' dir='ltr'><strong>re</strong></span> <span class='ocrx_word' id='word_1_157' title='bbox 558 2330 747 2393; x_wconf 90' lang='lat' dir='ltr'><strong>quamquam</strong></span> <span class='ocrx_word' id='word_1_158' title='bbox 764 2310 907 2394; x_wconf 89' lang='lat' dir='ltr'><strong>equidem</strong></span> <span class='ocrx_word' id='word_1_159' title='bbox 925 2310 1068 2375; x_wconf 88' lang='lat' dir='ltr'><strong>dubitare</strong></span> <span class='ocrx_word' id='word_1_160' title='bbox 1091 2331 1154 2375; x_wconf 92' lang='lat' dir='ltr'><strong>non</strong></span> <span class='ocrx_word' id='word_1_161' title='bbox 1169 2330 1305 2394; x_wconf 90' lang='lat' dir='ltr'><strong>possum,</strong></span> <span class='ocrx_word' id='word_1_162' title='bbox 1327 2329 1428 2393; x_wconf 87' lang='lat' dir='ltr'><strong>pauca</strong></span> <span class='ocrx_word' id='word_1_163' title='bbox 1448 2315 1565 2391; x_wconf 91' lang='lat' dir='ltr'><strong>tamen,</strong></span> 
     </span>
     <span class='ocr_line' id='line_1_19' title="bbox 260 2413 1566 2498; baseline -0.002 -19"><span class='ocrx_word' id='word_1_164' title='bbox 260 2435 339 2497; x_wconf 86' lang='lat' dir='ltr'><strong>quae</strong></span> <span class='ocrx_word' id='word_1_165' title='bbox 361 2413 478 2496; x_wconf 92' lang='lat' dir='ltr'><strong>opponi</strong></span> <span class='ocrx_word' id='word_1_166' title='bbox 500 2414 634 2497; x_wconf 90' lang='lat' dir='ltr'><strong>possint,</strong></span> <span class='ocrx_word' id='word_1_167' title='bbox 662 2413 832 2479; x_wconf 86' lang='lat' dir='ltr'><strong>refellenda</strong></span> <span class='ocrx_word' id='word_1_168' title='bbox 863 2421 944 2480; x_wconf 89' lang='lat' dir='ltr'><strong>sunt.</strong></span> <span class='ocrx_word' id='word_1_169' title='bbox 989 2414 1134 2480; x_wconf 80' lang='lat' dir='ltr'><strong>Fortasse</strong></span> <span class='ocrx_word' id='word_1_170' title='bbox 1156 2419 1289 2497; x_wconf 89' lang='lat' dir='ltr'><strong>quaerat</strong></span> <span class='ocrx_word' id='word_1_171' title='bbox 1310 2414 1479 2498; x_wconf 87' lang='lat' dir='ltr'><strong>quispiam,</strong></span> <span class='ocrx_word' id='word_1_172' title='bbox 1510 2434 1566 2478; x_wconf 92' lang='lat' dir='ltr'><strong>cur</strong></span> 
     </span>
     <span class='ocr_line' id='line_1_20' title="bbox 261 2516 1565 2602; baseline 0.002 -21"><span class='ocrx_word' id='word_1_173' title='bbox 261 2516 504 2597; x_wconf 87' lang='lat' dir='ltr'><strong>Demosthenes,</strong></span> <span class='ocrx_word' id='word_1_174' title='bbox 537 2539 607 2582; x_wconf 91' lang='lat' dir='ltr'><strong>cum</strong></span> <span class='ocrx_word' id='word_1_175' title='bbox 631 2519 771 2583; x_wconf 88' lang='lat' dir='ltr'><strong>oratione</strong></span> <span class='ocrx_word' id='word_1_176' title='bbox 795 2517 896 2594; x_wconf 88' lang='lat' dir='ltr'>VIII,</span> <span class='ocrx_word' id='word_1_177' title='bbox 931 2525 967 2584; x_wconf 95' lang='lat' dir='ltr'><strong>ut</strong></span> <span class='ocrx_word' id='word_1_178' title='bbox 995 2521 1041 2583; x_wconf 89' lang='lat' dir='ltr'><strong>ita</strong></span> <span class='ocrx_word' id='word_1_179' title='bbox 1072 2519 1187 2598; x_wconf 92' lang='lat' dir='ltr'><strong>dicam,</strong></span> <span class='ocrx_word' id='word_1_180' title='bbox 1220 2517 1261 2582; x_wconf 88' lang='lat' dir='ltr'><strong>ad</strong></span> <span class='ocrx_word' id='word_1_181' title='bbox 1283 2517 1423 2602; x_wconf 89' lang='lat' dir='ltr'><strong>Philippi</strong></span> <span class='ocrx_word' id='word_1_182' title='bbox 1444 2517 1565 2584; x_wconf 86' lang='lat' dir='ltr'><strong>litteras</strong></span> 
     </span>
     <span class='ocr_line' id='line_1_21' title="bbox 259 2620 1566 2706; baseline 0 -20"><span class='ocrx_word' id='word_1_183' title='bbox 259 2620 455 2704; x_wconf 89' lang='lat' dir='ltr'><strong>respondeat,</strong></span> <span class='ocrx_word' id='word_1_184' title='bbox 476 2642 539 2685; x_wconf 92' lang='lat' dir='ltr'><strong>non</strong></span> <span class='ocrx_word' id='word_1_185' title='bbox 562 2622 657 2686; x_wconf 89' lang='lat' dir='ltr'><strong>etiam</strong></span> <span class='ocrx_word' id='word_1_186' title='bbox 680 2622 719 2686; x_wconf 94' lang='lat' dir='ltr'><strong>de</strong></span> <span class='ocrx_word' id='word_1_187' title='bbox 742 2623 812 2686; x_wconf 91' lang='lat' dir='ltr'><strong>aliis</strong></span> <span class='ocrx_word' id='word_1_188' title='bbox 826 2621 928 2703; x_wconf 93' lang='lat' dir='ltr'><strong>rebus,</strong></span> <span class='ocrx_word' id='word_1_189' title='bbox 950 2644 1028 2704; x_wconf 89' lang='lat' dir='ltr'><strong>quas</strong></span> <span class='ocrx_word' id='word_1_190' title='bbox 1043 2621 1208 2706; x_wconf 91' lang='lat' dir='ltr'><strong>Philippus</strong></span> <span class='ocrx_word' id='word_1_191' title='bbox 1230 2626 1339 2686; x_wconf 90' lang='lat' dir='ltr'><strong>contra</strong></span> <span class='ocrx_word' id='word_1_192' title='bbox 1353 2620 1566 2686; x_wconf 89' lang='lat' dir='ltr'><strong>Athenienses</strong></span> 
     </span>
     <span class='ocr_line' id='line_1_22' title="bbox 260 2722 1564 2808; baseline -0.002 -18"><span class='ocrx_word' id='word_1_193' title='bbox 260 2725 386 2807; x_wconf 81' lang='lat' dir='ltr'><strong>profert,</strong></span> <span class='ocrx_word' id='word_1_194' title='bbox 415 2729 491 2805; x_wconf 86' lang='lat' dir='ltr'><strong>agat</strong></span> <span class='ocrx_word' id='word_1_195' title='bbox 512 2723 697 2808; x_wconf 85' lang='lat' dir='ltr'><strong>refellatque</strong></span> <span class='ocrx_word' id='word_1_196' title='bbox 719 2725 761 2805; x_wconf 94' lang='lat' dir='ltr'><strong>id,</strong></span> <span class='ocrx_word' id='word_1_197' title='bbox 790 2724 874 2808; x_wconf 93' lang='lat' dir='ltr'><strong>quod</strong></span> <span class='ocrx_word' id='word_1_198' title='bbox 896 2747 951 2790; x_wconf 88' lang='lat' dir='ltr'><strong>rex</strong></span> <span class='ocrx_word' id='word_1_199' title='bbox 973 2725 1102 2806; x_wconf 84' lang='lat' dir='ltr'><strong>incuset,</strong></span> <span class='ocrx_word' id='word_1_200' title='bbox 1132 2723 1242 2790; x_wconf 92' lang='lat' dir='ltr'><strong>eodem</strong></span> <span class='ocrx_word' id='word_1_201' title='bbox 1265 2724 1357 2789; x_wconf 92' lang='lat' dir='ltr'><strong>modo</strong></span> <span class='ocrx_word' id='word_1_202' title='bbox 1381 2729 1475 2807; x_wconf 92' lang='lat' dir='ltr'><strong>atque</strong></span> <span class='ocrx_word' id='word_1_203' title='bbox 1496 2722 1564 2789; x_wconf 93' lang='lat' dir='ltr'><strong>He·</strong></span> 
     </span>
     <span class='ocr_line' id='line_1_23' title="bbox 259 2821 1565 2914; baseline -0.002 -21"><span class='ocrx_word' id='word_1_204' title='bbox 259 2829 405 2912; x_wconf 85' lang='lat' dir='ltr'><strong>gesippus</strong></span> <span class='ocrx_word' id='word_1_205' title='bbox 436 2827 469 2890; x_wconf 92' lang='lat' dir='ltr'><strong>in</strong></span> <span class='ocrx_word' id='word_1_206' title='bbox 500 2828 638 2893; x_wconf 90' lang='lat' dir='ltr'><strong>oratione</strong></span> <span class='ocrx_word' id='word_1_207' title='bbox 669 2826 748 2911; x_wconf 77' lang='grc' dir='ltr'><em>περὶ</em></span> <span class='ocrx_word' id='word_1_208' title='bbox 764 2821 962 2914; x_wconf 75' lang='grc' dir='ltr'><em>Ἁλοννήσου</em></span> <span class='ocrx_word' id='word_1_209' title='bbox 993 2828 1110 2893; x_wconf 89' lang='lat' dir='ltr'><strong>habita.</strong></span> <span class='ocrx_word' id='word_1_210' title='bbox 1154 2827 1190 2894; x_wconf 90' lang='lat' dir='ltr'><strong>Si</strong></span> <span class='ocrx_word' id='word_1_211' title='bbox 1214 2826 1437 2892; x_wconf 88' lang='lat' dir='ltr'><strong>Demosthenis</strong></span> <span class='ocrx_word' id='word_1_212' title='bbox 1465 2826 1565 2891; x_wconf 89' lang='lat' dir='ltr'><strong>oratio</strong></span> 
     </span>
     <span class='ocr_line' id='line_1_24' title="bbox 260 2930 1565 3016; baseline -0.002 -19"><span class='ocrx_word' id='word_1_213' title='bbox 260 2930 350 2997; x_wconf 89' lang='lat' dir='ltr'>VIII</span> <span class='ocrx_word' id='word_1_214' title='bbox 370 2930 404 2995; x_wconf 92' lang='lat' dir='ltr'><strong>in</strong></span> <span class='ocrx_word' id='word_1_215' title='bbox 419 2931 562 2996; x_wconf 92' lang='lat' dir='ltr'><strong>contione</strong></span> <span class='ocrx_word' id='word_1_216' title='bbox 584 2930 692 2996; x_wconf 91' lang='lat' dir='ltr'><strong>habita</strong></span> <span class='ocrx_word' id='word_1_217' title='bbox 715 2937 803 3013; x_wconf 85' lang='lat' dir='ltr'><strong>esset,</strong></span> <span class='ocrx_word' id='word_1_218' title='bbox 825 2953 901 2996; x_wconf 89' lang='lat' dir='ltr'><strong>sane</strong></span> <span class='ocrx_word' id='word_1_219' title='bbox 917 2937 1168 3016; x_wconf 85' lang='lat' dir='ltr'><strong>exspectaremus</strong></span> <span class='ocrx_word' id='word_1_220' title='bbox 1183 2936 1338 2997; x_wconf 87' lang='lat' dir='ltr'><strong>oratorem</strong></span> <span class='ocrx_word' id='word_1_221' title='bbox 1360 2930 1402 2995; x_wconf 89' lang='lat' dir='ltr'><strong>ad</strong></span> <span class='ocrx_word' id='word_1_222' title='bbox 1416 2951 1462 3011; x_wconf 89' lang='lat' dir='ltr'><strong>ea,</strong></span> <span class='ocrx_word' id='word_1_223' title='bbox 1484 2951 1565 3013; x_wconf 89' lang='lat' dir='ltr'><strong>quae</strong></span> 
     </span>
     <span class='ocr_line' id='line_1_25' title="bbox 259 3032 1566 3120; baseline -0.002 -20"><span class='ocrx_word' id='word_1_224' title='bbox 259 3057 314 3100; x_wconf 91' lang='lat' dir='ltr'><strong>rex</strong></span> <span class='ocrx_word' id='word_1_225' title='bbox 334 3035 452 3117; x_wconf 89' lang='lat' dir='ltr'><strong>scribit,</strong></span> <span class='ocrx_word' id='word_1_226' title='bbox 485 3035 666 3119; x_wconf 85' lang='lat' dir='ltr'><strong>singillatim</strong></span> <span class='ocrx_word' id='word_1_227' title='bbox 695 3035 896 3120; x_wconf 89' lang='lat' dir='ltr'><strong>respondere,</strong></span> <span class='ocrx_word' id='word_1_228' title='bbox 925 3041 961 3100; x_wconf 88' lang='lat' dir='ltr'><strong>ut</strong></span> <span class='ocrx_word' id='word_1_229' title='bbox 984 3035 1246 3119; x_wconf 67' lang='lat' dir='ltr'><strong>Hegesippumt).</strong></span> <span class='ocrx_word' id='word_1_230' title='bbox 1291 3033 1357 3100; x_wconf 91' lang='lat' dir='ltr'><strong>Sed</strong></span> <span class='ocrx_word' id='word_1_231' title='bbox 1378 3035 1460 3098; x_wconf 91' lang='lat' dir='ltr'><strong>inter</strong></span> <span class='ocrx_word' id='word_1_232' title='bbox 1483 3032 1566 3098; x_wconf 80' lang='lat' dir='ltr'><strong>&#39;viros</strong></span> 
     </span>
     <span class='ocr_line' id='line_1_26' title="bbox 260 3137 1565 3220; baseline -0.002 -16"><span class='ocrx_word' id='word_1_233' title='bbox 260 3138 366 3204; x_wconf 89' lang='lat' dir='ltr'><strong>doctos</strong></span> <span class='ocrx_word' id='word_1_234' title='bbox 387 3144 531 3204; x_wconf 89' lang='lat' dir='ltr'><strong>constare</strong></span> <span class='ocrx_word' id='word_1_235' title='bbox 553 3139 676 3204; x_wconf 87' lang='lat' dir='ltr'><strong>videtur</strong></span> <span class='ocrx_word' id='word_1_236' title='bbox 684 3143 707 3220; x_wconf 73' lang='grc'><strong>6)</strong></span> <span class='ocrx_word' id='word_1_237' title='bbox 730 3138 954 3205; x_wconf 91' lang='lat' dir='ltr'><strong>Demosthenis</strong></span> <span class='ocrx_word' id='word_1_238' title='bbox 976 3139 1136 3204; x_wconf 88' lang='lat' dir='ltr'><strong>contiones</strong></span> <span class='ocrx_word' id='word_1_239' title='bbox 1163 3160 1225 3204; x_wconf 90' lang='lat' dir='ltr'><strong>non</strong></span> <span class='ocrx_word' id='word_1_240' title='bbox 1247 3137 1372 3203; x_wconf 88' lang='lat' dir='ltr'><strong>habitas</strong></span> <span class='ocrx_word' id='word_1_241' title='bbox 1394 3158 1477 3218; x_wconf 90' lang='lat' dir='ltr'><strong>esse,</strong></span> <span class='ocrx_word' id='word_1_242' title='bbox 1510 3137 1565 3202; x_wconf 90' lang='lat' dir='ltr'><strong>sed</strong></span> 
     </span>
     <span class='ocr_line' id='line_1_27' title="bbox 222 3238 1566 3327; baseline -0.003 -20"><span class='ocrx_word' id='word_1_243' title='bbox 222 3276 227 3287; x_wconf 93' lang='lat'><strong>·</strong></span> <span class='ocrx_word' id='word_1_244' title='bbox 259 3242 379 3308; x_wconf 89' lang='lat' dir='ltr'><strong>libellos</strong></span> <span class='ocrx_word' id='word_1_245' title='bbox 412 3263 478 3308; x_wconf 90' lang='lat' dir='ltr'><strong>esse</strong></span> <span class='ocrx_word' id='word_1_246' title='bbox 511 3244 544 3307; x_wconf 91' lang='lat' dir='ltr'><strong>in</strong></span> <span class='ocrx_word' id='word_1_247' title='bbox 575 3242 687 3327; x_wconf 82' lang='lat' dir='ltr'><strong>vulgus</strong></span> <span class='ocrx_word' id='word_1_248' title='bbox 720 3244 833 3325; x_wconf 77' lang='lat' dir='ltr'><strong>editoS,</strong></span> <span class='ocrx_word' id='word_1_249' title='bbox 870 3265 948 3326; x_wconf 93' lang='lat' dir='ltr'><strong>quos</strong></span> <span class='ocrx_word' id='word_1_250' title='bbox 979 3249 1083 3309; x_wconf 89' lang='lat' dir='ltr'><strong>nostro</strong></span> <span class='ocrx_word' id='word_1_251' title='bbox 1115 3263 1257 3308; x_wconf 86' lang='lat' dir='ltr'><strong>sermone</strong></span> <span class='ocrx_word' id='word_1_252' title='bbox 1289 3239 1484 3325; x_wconf 81' lang='lat' dir='ltr'><strong>Flugsohn&#39;ft</strong></span> <span class='ocrx_word' id='word_1_253' title='bbox 1515 3238 1566 3304; x_wconf 89' lang='lat' dir='ltr'><strong>vel</strong></span> 
     </span>
     <span class='ocr_line' id='line_1_28' title="bbox 259 3345 1566 3431; baseline -0.002 -21"><span class='ocrx_word' id='word_1_254' title='bbox 259 3345 428 3430; x_wconf 89' lang='lat' dir='ltr'><strong>Pamphlet</strong></span> <span class='ocrx_word' id='word_1_255' title='bbox 449 3346 654 3431; x_wconf 90' lang='lat' dir='ltr'><strong>appellamus.</strong></span> <span class='ocrx_word' id='word_1_256' title='bbox 700 3347 922 3412; x_wconf 88' lang='lat' dir='ltr'><strong>Demosthenis</strong></span> <span class='ocrx_word' id='word_1_257' title='bbox 944 3346 1127 3428; x_wconf 83' lang='lat' dir='ltr'><strong>adversarii,</strong></span> <span class='ocrx_word' id='word_1_258' title='bbox 1159 3345 1272 3430; x_wconf 92' lang='lat' dir='ltr'><strong>quibus</strong></span> <span class='ocrx_word' id='word_1_259' title='bbox 1293 3365 1476 3429; x_wconf 88' lang='lat' dir='ltr'><strong>persuasum</strong></span> <span class='ocrx_word' id='word_1_260' title='bbox 1498 3349 1566 3408; x_wconf 89' lang='lat' dir='ltr'><strong>erat</strong></span> 
     </span>
     <span class='ocr_line' id='line_1_29' title="bbox 259 3447 1566 3533; baseline -0.002 -19"><span class='ocrx_word' id='word_1_261' title='bbox 259 3471 335 3533; x_wconf 90' lang='lat' dir='ltr'><strong>pace</strong></span> <span class='ocrx_word' id='word_1_262' title='bbox 365 3449 558 3533; x_wconf 86' lang='lat' dir='ltr'><strong>aDiopithe</strong></span> <span class='ocrx_word' id='word_1_263' title='bbox 584 3450 799 3516; x_wconf 87' lang='lat' dir='ltr'><strong>scelestissime</strong></span> <span class='ocrx_word' id='word_1_264' title='bbox 830 3450 947 3515; x_wconf 88' lang='lat' dir='ltr'><strong>violata</strong></span> <span class='ocrx_word' id='word_1_265' title='bbox 977 3450 1093 3516; x_wconf 91' lang='lat' dir='ltr'><strong>bellum</strong></span> <span class='ocrx_word' id='word_1_266' title='bbox 1116 3471 1297 3515; x_wconf 87' lang='lat' dir='ltr'><strong>exarsurum</strong></span> <span class='ocrx_word' id='word_1_267' title='bbox 1331 3469 1412 3530; x_wconf 88' lang='lat' dir='ltr'><strong>esse,</strong></span> <span class='ocrx_word' id='word_1_268' title='bbox 1445 3447 1566 3512; x_wconf 89' lang='lat' dir='ltr'><strong>animos</strong></span> 
     </span>
     <span class='ocr_line' id='line_1_30' title="bbox 258 3550 1565 3637; baseline 0 -21"><span class='ocrx_word' id='word_1_269' title='bbox 258 3553 466 3618; x_wconf 88' lang='lat' dir='ltr'><strong>multitudinis</strong></span> <span class='ocrx_word' id='word_1_270' title='bbox 488 3553 720 3619; x_wconf 88' lang='lat' dir='ltr'><strong>concitaverant</strong></span> <span class='ocrx_word' id='word_1_271' title='bbox 741 3575 778 3619; x_wconf 90' lang='lat' dir='ltr'><strong>ac</strong></span> <span class='ocrx_word' id='word_1_272' title='bbox 799 3553 1085 3636; x_wconf 85' lang='lat' dir='ltr'><strong>inflammaverant,</strong></span> <span class='ocrx_word' id='word_1_273' title='bbox 1119 3559 1154 3619; x_wconf 91' lang='lat' dir='ltr'><strong>ut</strong></span> <span class='ocrx_word' id='word_1_274' title='bbox 1176 3550 1344 3637; x_wconf 90' lang='lat' dir='ltr'><strong>Diopithes</strong></span> <span class='ocrx_word' id='word_1_275' title='bbox 1371 3550 1565 3616; x_wconf 86' lang='lat' dir='ltr'><strong>multaretur.</strong></span> 
     </span>
     <span class='ocr_line' id='line_1_31' title="bbox 257 3650 1565 3741; baseline -0.002 -20"><span class='ocrx_word' id='word_1_276' title='bbox 257 3656 476 3739; x_wconf 88' lang='lat' dir='ltr'><strong>Accusabant,</strong></span> <span class='ocrx_word' id='word_1_277' title='bbox 509 3657 593 3740; x_wconf 93' lang='lat' dir='ltr'><strong>quod</strong></span> <span class='ocrx_word' id='word_1_278' title='bbox 623 3650 711 3721; x_wconf 80' lang='grc' dir='ltr'><em>δεινὰ</em></span> <span class='ocrx_word' id='word_1_279' title='bbox 746 3656 884 3722; x_wconf 75' lang='grc' dir='ltr'><em>ποιοῦσι</em></span> <span class='ocrx_word' id='word_1_280' title='bbox 917 3650 950 3722; x_wconf 87' lang='grc' dir='ltr'><strong>οῖ</strong></span> <span class='ocrx_word' id='word_1_281' title='bbox 981 3655 1066 3737; x_wconf 87' lang='grc' dir='ltr'><em>ξένοι</em></span> <span class='ocrx_word' id='word_1_282' title='bbox 1088 3656 1271 3741; x_wconf 86' lang='lat' dir='ltr'><strong>(Diopithis)</strong></span> <span class='ocrx_word' id='word_1_283' title='bbox 1304 3650 1565 3741; x_wconf 65' lang='lat' dir='ltr'><strong>contrementes</strong></span> 
     </span>
    </p>
   </div>
   <div class='ocr_carea' id='block_1_4' title="bbox 255 3942 1565 5001">
    <p class='ocr_par' dir='ltr' id='par_1_5' title="bbox 347 3942 795 4014">
     <span class='ocr_line' id='line_1_32' title="bbox 347 3942 795 4014; baseline 0.002 -17"><span class='ocrx_word' id='word_1_284' title='bbox 347 3943 374 4012; x_wconf 94' lang='grc'><strong>1)</strong></span> <span class='ocrx_word' id='word_1_285' title='bbox 392 3942 462 3995; x_wconf 92' lang='lat' dir='ltr'>VIII</span> <span class='ocrx_word' id='word_1_286' title='bbox 480 3942 506 3998; x_wconf 82' lang='lat'><strong>4.</strong></span> <span class='ocrx_word' id='word_1_287' title='bbox 636 3945 662 4014; x_wconf 77' lang='grc'><strong>2)</strong></span> <span class='ocrx_word' id='word_1_288' title='bbox 682 3944 751 3998; x_wconf 87' lang='lat' dir='ltr'>VIII</span> <span class='ocrx_word' id='word_1_289' title='bbox 771 3944 795 3998; x_wconf 80' lang='lat'><strong>7.</strong></span> 
     </span>
    </p>

    <p class='ocr_par' dir='ltr' id='par_1_6' title="bbox 255 4031 1565 4814">
     <span class='ocr_line' id='line_1_33' title="bbox 345 4031 1564 4102; baseline 0.002 -17"><span class='ocrx_word' id='word_1_290' title='bbox 345 4032 373 4094; x_wconf 86' lang='grc'><strong>3)</strong></span> <span class='ocrx_word' id='word_1_291' title='bbox 392 4031 433 4085; x_wconf 84' lang='lat' dir='ltr'><strong>Ex</strong></span> <span class='ocrx_word' id='word_1_292' title='bbox 451 4032 650 4086; x_wconf 87' lang='lat' dir='ltr'><strong>Demosthenis</strong></span> <span class='ocrx_word' id='word_1_293' title='bbox 670 4033 763 4087; x_wconf 90' lang='lat' dir='ltr'><strong>verbis</strong></span> <span class='ocrx_word' id='word_1_294' title='bbox 784 4049 869 4102; x_wconf 90' lang='lat' dir='ltr'><strong>supra</strong></span> <span class='ocrx_word' id='word_1_295' title='bbox 888 4032 987 4086; x_wconf 88' lang='lat' dir='ltr'><strong>allatis</strong></span> <span class='ocrx_word' id='word_1_296' title='bbox 1007 4031 1087 4101; x_wconf 92' lang='lat' dir='ltr'>(VIII</span> <span class='ocrx_word' id='word_1_297' title='bbox 1105 4031 1185 4101; x_wconf 82' lang='grc'>4-7)</span> <span class='ocrx_word' id='word_1_298' title='bbox 1206 4035 1236 4086; x_wconf 91' lang='lat' dir='ltr'><strong>et</strong></span> <span class='ocrx_word' id='word_1_299' title='bbox 1255 4032 1362 4087; x_wconf 88' lang='lat' dir='ltr'><strong>scholio</strong></span> <span class='ocrx_word' id='word_1_300' title='bbox 1376 4031 1478 4087; x_wconf 89' lang='lat' dir='ltr'><strong>Aesch.</strong></span> <span class='ocrx_word' id='word_1_301' title='bbox 1490 4032 1516 4098; x_wconf 91' lang='lat'><strong>3,</strong></span> <span class='ocrx_word' id='word_1_302' title='bbox 1529 4032 1564 4087; x_wconf 88' lang='grc'><strong>83</strong></span> 
     </span>
     <span class='ocr_line' id='line_1_34' title="bbox 256 4117 1564 4192; baseline -0.002 -18"><span class='ocrx_word' id='word_1_303' title='bbox 256 4123 273 4192; x_wconf 68' lang='lat' dir='ltr'><strong>t.</strong></span> <span class='ocrx_word' id='word_1_304' title='bbox 288 4162 294 4174; x_wconf 94' lang='lat'><strong>.</strong></span> <span class='ocrx_word' id='word_1_305' title='bbox 311 4162 337 4175; x_wconf 91' lang='lat'><strong>..</strong></span> <span class='ocrx_word' id='word_1_306' title='bbox 359 4122 407 4174; x_wconf 67' lang='lat' dir='ltr'><strong>ent</strong></span> <span class='ocrx_word' id='word_1_307' title='bbox 423 4118 592 4173; x_wconf 72' lang='grc' dir='ltr'><em>Πυθοδότου</em></span> <span class='ocrx_word' id='word_1_308' title='bbox 617 4117 750 4191; x_wconf 76' lang='grc' dir='ltr'><em>ἄρχοντος</em></span> <span class='ocrx_word' id='word_1_309' title='bbox 770 4165 775 4175; x_wconf 93' lang='grc'><em>.</em></span> <span class='ocrx_word' id='word_1_310' title='bbox 859 4118 1082 4191; x_wconf 79' lang='grc' dir='ltr'><em>ὑποπτευομένής</em></span> <span class='ocrx_word' id='word_1_311' title='bbox 1107 4117 1279 4185; x_wconf 76' lang='grc' dir='ltr'><em>λυθήσεσθαι</em></span> <span class='ocrx_word' id='word_1_312' title='bbox 1302 4125 1350 4187; x_wconf 81' lang='grc' dir='ltr'><strong>τῆς</strong></span> <span class='ocrx_word' id='word_1_313' title='bbox 1374 4118 1445 4192; x_wconf 82' lang='grc' dir='ltr'><em>πρὸς</em></span> <span class='ocrx_word' id='word_1_314' title='bbox 1464 4122 1564 4172; x_wconf 77' lang='grc' dir='ltr'><em>Φίλιπ-</em></span> 
     </span>
     <span class='ocr_line' id='line_1_35' title="bbox 257 4208 1563 4281; baseline 0.001 -18"><span class='ocrx_word' id='word_1_315' title='bbox 257 4228 314 4263; x_wconf 83' lang='grc' dir='ltr'><strong>πον</strong></span> <span class='ocrx_word' id='word_1_316' title='bbox 331 4208 438 4280; x_wconf 71' lang='grc' dir='ltr'><em>εἰρήνης</em></span> <span class='ocrx_word' id='word_1_317' title='bbox 457 4251 462 4263; x_wconf 90' lang='grc'><strong>.</strong></span> <span class='ocrx_word' id='word_1_318' title='bbox 478 4251 483 4263; x_wconf 89' lang='grc'><strong><em>.</em></strong></span> <span class='ocrx_word' id='word_1_319' title='bbox 499 4252 505 4263; x_wconf 92' lang='grc'><strong>.</strong></span> <span class='ocrx_word' id='word_1_320' title='bbox 519 4210 535 4279; x_wconf 92' lang='grc'><strong>.)</strong></span> <span class='ocrx_word' id='word_1_321' title='bbox 560 4210 724 4281; x_wconf 91' lang='lat' dir='ltr'><strong>Diopithem</strong></span> <span class='ocrx_word' id='word_1_322' title='bbox 751 4213 912 4265; x_wconf 81' lang='lat' dir='ltr'><strong>revocatum</strong></span> <span class='ocrx_word' id='word_1_323' title='bbox 942 4227 1003 4264; x_wconf 88' lang='lat' dir='ltr'><strong>esse</strong></span> <span class='ocrx_word' id='word_1_324' title='bbox 1026 4209 1096 4263; x_wconf 93' lang='lat' dir='ltr'><strong>mihi</strong></span> <span class='ocrx_word' id='word_1_325' title='bbox 1116 4226 1249 4280; x_wconf 87' lang='lat' dir='ltr'><strong>apparere</strong></span> <span class='ocrx_word' id='word_1_326' title='bbox 1269 4211 1391 4265; x_wconf 89' lang='lat' dir='ltr'><strong>videtur.</strong></span> <span class='ocrx_word' id='word_1_327' title='bbox 1429 4210 1483 4265; x_wconf 92' lang='lat' dir='ltr'><strong>Suo</strong></span> <span class='ocrx_word' id='word_1_328' title='bbox 1503 4210 1563 4264; x_wconf 85' lang='lat' dir='ltr'><strong>iure</strong></span> 
     </span>
     <span class='ocr_line' id='line_1_36' title="bbox 256 4298 1565 4371; baseline 0.002 -19"><span class='ocrx_word' id='word_1_329' title='bbox 256 4300 459 4354; x_wconf 89' lang='lat' dir='ltr'><strong>Demosthenes</strong></span> <span class='ocrx_word' id='word_1_330' title='bbox 485 4302 515 4353; x_wconf 92' lang='lat' dir='ltr'><strong>et</strong></span> <span class='ocrx_word' id='word_1_331' title='bbox 533 4299 594 4353; x_wconf 91' lang='lat' dir='ltr'><strong>eius</strong></span> <span class='ocrx_word' id='word_1_332' title='bbox 613 4300 769 4354; x_wconf 81' lang='lat' dir='ltr'><strong>adversarii</strong></span> <span class='ocrx_word' id='word_1_333' title='bbox 788 4300 931 4371; x_wconf 88' lang='lat' dir='ltr'><strong>putabant</strong></span> <span class='ocrx_word' id='word_1_334' title='bbox 958 4316 1025 4369; x_wconf 91' lang='lat' dir='ltr'><strong>pace</strong></span> <span class='ocrx_word' id='word_1_335' title='bbox 1049 4301 1135 4369; x_wconf 85' lang='lat' dir='ltr'><strong>rupta</strong></span> <span class='ocrx_word' id='word_1_336' title='bbox 1162 4298 1236 4352; x_wconf 91' lang='lat' dir='ltr'><strong>nihil</strong></span> <span class='ocrx_word' id='word_1_337' title='bbox 1254 4299 1476 4354; x_wconf 86' lang='lat' dir='ltr'><strong>Atheniensibus</strong></span> <span class='ocrx_word' id='word_1_338' title='bbox 1496 4300 1565 4354; x_wconf 93' lang='lat' dir='ltr'><strong>deli-</strong></span> 
     </span>
     <span class='ocr_line' id='line_1_37' title="bbox 256 4388 1564 4458; baseline 0.001 -16"><span class='ocrx_word' id='word_1_339' title='bbox 256 4390 411 4443; x_wconf 89' lang='lat' dir='ltr'><strong>berandum</strong></span> <span class='ocrx_word' id='word_1_340' title='bbox 439 4406 500 4443; x_wconf 88' lang='lat' dir='ltr'><strong>esse</strong></span> <span class='ocrx_word' id='word_1_341' title='bbox 529 4388 595 4456; x_wconf 91' lang='lat' dir='ltr'><strong>nisi,</strong></span> <span class='ocrx_word' id='word_1_342' title='bbox 623 4389 764 4444; x_wconf 88' lang='lat' dir='ltr'><strong>bellumne</strong></span> <span class='ocrx_word' id='word_1_343' title='bbox 792 4389 944 4458; x_wconf 86' lang='lat' dir='ltr'><strong>gerendum</strong></span> <span class='ocrx_word' id='word_1_344' title='bbox 973 4405 1007 4441; x_wconf 87' lang='lat' dir='ltr'><strong>an</strong></span> <span class='ocrx_word' id='word_1_345' title='bbox 1037 4406 1091 4458; x_wconf 91' lang='lat' dir='ltr'><strong>pax</strong></span> <span class='ocrx_word' id='word_1_346' title='bbox 1119 4388 1257 4442; x_wconf 88' lang='lat' dir='ltr'><strong>servanda</strong></span> <span class='ocrx_word' id='word_1_347' title='bbox 1285 4392 1369 4444; x_wconf 88' lang='lat' dir='ltr'><strong>esset.</strong></span> <span class='ocrx_word' id='word_1_348' title='bbox 1407 4389 1436 4442; x_wconf 91' lang='lat' dir='ltr'><strong>Si</strong></span> <span class='ocrx_word' id='word_1_349' title='bbox 1458 4390 1564 4444; x_wconf 91' lang='lat' dir='ltr'><strong>bellum</strong></span> 
     </span>
     <span class='ocr_line' id='line_1_38' title="bbox 256 4477 1563 4549; baseline 0.001 -18"><span class='ocrx_word' id='word_1_350' title='bbox 256 4478 408 4545; x_wconf 87' lang='lat' dir='ltr'><strong>gerendum</strong></span> <span class='ocrx_word' id='word_1_351' title='bbox 429 4479 477 4544; x_wconf 87' lang='lat' dir='ltr'><strong>sit,</strong></span> <span class='ocrx_word' id='word_1_352' title='bbox 507 4478 639 4548; x_wconf 91' lang='lat' dir='ltr'><strong>Diopithi</strong></span> <span class='ocrx_word' id='word_1_353' title='bbox 659 4479 688 4532; x_wconf 91' lang='lat' dir='ltr'><strong>in</strong></span> <span class='ocrx_word' id='word_1_354' title='bbox 708 4478 879 4533; x_wconf 85' lang='lat' dir='ltr'><strong>Chersoneso</strong></span> <span class='ocrx_word' id='word_1_355' title='bbox 898 4477 1068 4531; x_wconf 88' lang='lat' dir='ltr'><strong>manendum</strong></span> <span class='ocrx_word' id='word_1_356' title='bbox 1088 4494 1157 4532; x_wconf 90' lang='lat' dir='ltr'><strong>esse.</strong></span> <span class='ocrx_word' id='word_1_357' title='bbox 1195 4477 1245 4531; x_wconf 86' lang='lat' dir='ltr'><strong>Sin</strong></span> <span class='ocrx_word' id='word_1_358' title='bbox 1271 4477 1373 4544; x_wconf 89' lang='lat' dir='ltr'><strong>minus,</strong></span> <span class='ocrx_word' id='word_1_359' title='bbox 1398 4478 1563 4549; x_wconf 90' lang='lat' dir='ltr'><strong>Diopithem</strong></span> 
     </span>
     <span class='ocr_line' id='line_1_39' title="bbox 256 4566 1564 4637; baseline 0.002 -18"><span class='ocrx_word' id='word_1_360' title='bbox 256 4568 440 4621; x_wconf 86' lang='lat' dir='ltr'><strong>revocandum</strong></span> <span class='ocrx_word' id='word_1_361' title='bbox 459 4572 489 4621; x_wconf 90' lang='lat' dir='ltr'><strong>et</strong></span> <span class='ocrx_word' id='word_1_362' title='bbox 508 4568 687 4621; x_wconf 87' lang='lat' dir='ltr'><strong>multandum</strong></span> <span class='ocrx_word' id='word_1_363' title='bbox 707 4584 777 4621; x_wconf 89' lang='lat' dir='ltr'><strong>esse.</strong></span> <span class='ocrx_word' id='word_1_364' title='bbox 814 4567 853 4622; x_wconf 88' lang='lat' dir='ltr'><strong>Et</strong></span> <span class='ocrx_word' id='word_1_365' title='bbox 871 4567 999 4637; x_wconf 89' lang='lat' dir='ltr'><strong>equidem</strong></span> <span class='ocrx_word' id='word_1_366' title='bbox 1020 4566 1122 4632; x_wconf 89' lang='lat' dir='ltr'><strong>nescio,</strong></span> <span class='ocrx_word' id='word_1_367' title='bbox 1142 4566 1441 4637; x_wconf 91' lang='lat' dir='ltr'><strong>quomodoPhilippus</strong></span> <span class='ocrx_word' id='word_1_368' title='bbox 1460 4584 1528 4637; x_wconf 88' lang='lat' dir='ltr'><strong>pace</strong></span> <span class='ocrx_word' id='word_1_369' title='bbox 1547 4585 1564 4621; x_wconf 89' lang='lat' dir='ltr'><strong>a</strong></span> 
     </span>
     <span class='ocr_line' id='line_1_40' title="bbox 255 4655 1562 4727; baseline 0.001 -19"><span class='ocrx_word' id='word_1_370' title='bbox 255 4655 391 4726; x_wconf 90' lang='lat' dir='ltr'><strong>Diopithe</strong></span> <span class='ocrx_word' id='word_1_371' title='bbox 411 4657 611 4711; x_wconf 87' lang='lat' dir='ltr'><strong>scelestissime</strong></span> <span class='ocrx_word' id='word_1_372' title='bbox 631 4659 716 4726; x_wconf 88' lang='lat' dir='ltr'><strong>rupta</strong></span> <span class='ocrx_word' id='word_1_373' title='bbox 734 4672 831 4727; x_wconf 88' lang='lat' dir='ltr'><strong>pacem</strong></span> <span class='ocrx_word' id='word_1_374' title='bbox 851 4673 948 4724; x_wconf 87' lang='lat' dir='ltr'><strong>gerere</strong></span> <span class='ocrx_word' id='word_1_375' title='bbox 961 4655 1109 4725; x_wconf 86' lang='lat' dir='ltr'><strong>potuerit?</strong></span> <span class='ocrx_word' id='word_1_376' title='bbox 1146 4655 1204 4709; x_wconf 90' lang='lat' dir='ltr'><strong>Nos</strong></span> <span class='ocrx_word' id='word_1_377' title='bbox 1220 4655 1324 4710; x_wconf 91' lang='lat' dir='ltr'><strong>scimus</strong></span> <span class='ocrx_word' id='word_1_378' title='bbox 1338 4655 1443 4711; x_wconf 92' lang='lat' dir='ltr'><strong>bellum</strong></span> <span class='ocrx_word' id='word_1_379' title='bbox 1464 4656 1562 4726; x_wconf 89' lang='lat' dir='ltr'><strong>paucis</strong></span> 
     </span>
     <span class='ocr_line' id='line_1_41' title="bbox 255 4743 1386 4814; baseline 0.001 -18"><span class='ocrx_word' id='word_1_380' title='bbox 255 4743 337 4798; x_wconf 89' lang='lat' dir='ltr'><strong>annis</strong></span> <span class='ocrx_word' id='word_1_381' title='bbox 357 4746 422 4813; x_wconf 90' lang='lat' dir='ltr'><strong>post</strong></span> <span class='ocrx_word' id='word_1_382' title='bbox 441 4746 590 4800; x_wconf 88' lang='lat' dir='ltr'><strong>exarsisse.</strong></span> <span class='ocrx_word' id='word_1_383' title='bbox 629 4744 698 4799; x_wconf 88' lang='lat' dir='ltr'><strong>Cum</strong></span> <span class='ocrx_word' id='word_1_384' title='bbox 715 4743 769 4798; x_wconf 77' lang='lat'><strong>342</strong></span> <span class='ocrx_word' id='word_1_385' title='bbox 788 4744 909 4799; x_wconf 88' lang='lat' dir='ltr'><strong>vitatum</strong></span> <span class='ocrx_word' id='word_1_386' title='bbox 930 4745 978 4810; x_wconf 92' lang='lat' dir='ltr'><strong>sit,</strong></span> <span class='ocrx_word' id='word_1_387' title='bbox 998 4743 1148 4814; x_wconf 89' lang='lat' dir='ltr'><strong>Diopithes</strong></span> <span class='ocrx_word' id='word_1_388' title='bbox 1167 4747 1314 4798; x_wconf 88' lang='lat' dir='ltr'><strong>revocatus</strong></span> <span class='ocrx_word' id='word_1_389' title='bbox 1334 4746 1386 4798; x_wconf 92' lang='lat' dir='ltr'><strong>est.</strong></span> 
     </span>
    </p>

    <p class='ocr_par' dir='ltr' id='par_1_7' title="bbox 342 4831 1095 4904">
     <span class='ocr_line' id='line_1_42' title="bbox 342 4831 1095 4904; baseline 0.007 -21"><span class='ocrx_word' id='word_1_390' title='bbox 342 4831 369 4898; x_wconf 85' lang='grc'><strong>4)</strong></span> <span class='ocrx_word' id='word_1_391' title='bbox 388 4832 423 4886; x_wconf 85' lang='lat' dir='ltr'><strong>cf.</strong></span> <span class='ocrx_word' id='word_1_392' title='bbox 442 4831 585 4886; x_wconf 83' lang='lat' dir='ltr'><strong>Schwartz</strong></span> <span class='ocrx_word' id='word_1_393' title='bbox 605 4833 777 4889; x_wconf 80' lang='lat' dir='ltr'><strong>Festschrift</strong></span> <span class='ocrx_word' id='word_1_394' title='bbox 795 4834 813 4888; x_wconf 88' lang='lat' dir='ltr'><strong>f.</strong></span> <span class='ocrx_word' id='word_1_395' title='bbox 831 4833 985 4889; x_wconf 88' lang='lat' dir='ltr'><strong>Mommsen</strong></span> <span class='ocrx_word' id='word_1_396' title='bbox 1003 4851 1030 4904; x_wconf 92' lang='lat' dir='ltr'><strong>p.</strong></span> <span class='ocrx_word' id='word_1_397' title='bbox 1051 4831 1095 4888; x_wconf 82' lang='lat'><strong>43.</strong></span> 
     </span>
    </p>

    <p class='ocr_par' dir='ltr' id='par_1_8' title="bbox 343 4920 1344 5001">
     <span class='ocr_line' id='line_1_43' title="bbox 343 4920 1344 5001; baseline 0.001 -26"><span class='ocrx_word' id='word_1_398' title='bbox 343 4921 369 4990; x_wconf 83' lang='grc'><strong>5)</strong></span> <span class='ocrx_word' id='word_1_399' title='bbox 390 4920 532 4976; x_wconf 80' lang='lat' dir='ltr'><strong>Schwartz</strong></span> <span class='ocrx_word' id='word_1_400' title='bbox 551 4921 569 4973; x_wconf 93' lang='lat' dir='ltr'><strong>l.</strong></span> <span class='ocrx_word' id='word_1_401' title='bbox 590 4939 613 4975; x_wconf 93' lang='lat' dir='ltr'><strong>c.</strong></span> <span class='ocrx_word' id='word_1_402' title='bbox 633 4940 660 4997; x_wconf 88' lang='lat' dir='ltr'><strong>p.</strong></span> <span class='ocrx_word' id='word_1_403' title='bbox 680 4924 781 5001; x_wconf 84' lang='lat' dir='ltr'><strong>40sqq.</strong></span> <span class='ocrx_word' id='word_1_404' title='bbox 819 4923 1016 4998; x_wconf 82' lang='lat' dir='ltr'><strong>Wilamowitz,</strong></span> <span class='ocrx_word' id='word_1_405' title='bbox 1036 4922 1148 4983; x_wconf 86' lang='lat' dir='ltr'><strong>Griech.</strong></span> <span class='ocrx_word' id='word_1_406' title='bbox 1166 4922 1236 4979; x_wconf 80' lang='lat' dir='ltr'><strong>litt.</strong></span> <span class='ocrx_word' id='word_1_407' title='bbox 1255 4940 1281 5000; x_wconf 90' lang='lat' dir='ltr'><strong>p.</strong></span> <span class='ocrx_word' id='word_1_408' title='bbox 1300 4921 1344 4982; x_wconf 70' lang='lat'><strong>73.</strong></span> 
     </span>
    </p>
   </div>
   <div class='ocr_carea' id='block_1_5' title="bbox 0 0 1830 5709">
    <p class='ocr_par' dir='ltr' id='par_1_9' title="bbox 0 0 1830 5709">
     <span class='ocr_line' id='line_1_44' title="bbox 0 0 1830 5709; baseline 0 0"><span class='ocrx_word' id='word_1_409' title='bbox 0 0 1830 5709; x_wconf 95' lang='lat' dir='ltr'><strong> </strong></span> 
     </span>
    </p>
   </div>
  </div>
 </body>
</html>
