3650 5709
917 469 1128 535 -14„

353 667 558 746 assequentur
579 662 728 747 primum,
761 664 797 724 ut
822 657 973 739 habeant,
1004 679 1107 741 aquo
1130 658 1306 723 mercedem
1336 660 1503 743 accipiant,
1533 665 1603 723 tum
1626 663 1665 722 ut

351 772 476 833 tantum
498 767 684 831 auctoritate
706 762 790 847 apud
812 761 935 846 plebem
958 760 1093 842 valcant,
1115 767 1152 826 ut
1172 783 1264 827 nemo
1287 783 1340 828 eos
1361 784 1509 828 accusare
1530 762 1661 827 audeat.

352 908 395 920 -
432 869 514 936 Oum
543 867 772 934 Demosthenes
801 867 973 930 orationem
1003 863 1041 927 X
1070 865 1289 947 conscriberet,
1322 866 1543 949 constituebat,
1575 867 1663 949 quod

352 972 656 1059 argumentationem
689 969 836 1035 orationis
859 967 949 1036 VIII
982 966 1139 1031 infirmam
1171 990 1239 1034 esse
1270 970 1439 1051 sentiebat,
1471 992 1538 1036 rem
1570 970 1662 1034 novis

352 1076 545 1161 argumentis
561 1074 751 1139 confirmem.
789 1069 1002 1154 Quamobrem
1025 1070 1099 1134 exili
1119 1079 1312 1155 argumento,
1335 1074 1419 1156 quod
1441 1080 1488 1139 est
1509 1074 1565 1138 ἵνα
1587 1070 1661 1137 τοί-

350 1203 427 1257 τους
446 1174 585 1264 κρίνητε,
617 1173 663 1264 μῆ
690 1171 869 1240 Φίλιππον
891 1168 1078 1261 ἆμίνηοθε,
1113 1176 1212 1241 eiecto
1244 1197 1372 1258 novum,
1403 1183 1439 1243 ut
1461 1179 1661 1257 sententiam,

350 1304 431 1369 quac
454 1287 501 1347 est
521 1280 571 1366 (X
592 1279 645 1362 58)
669 1270 720 1344 ὅτι
742 1274 801 1365 τὴν
823 1272 935 1342 αἰτίαν
957 1316 999 1324 -
1020 1267 1197 1343 ἄναθεῖναι
1219 1274 1404 1361 βούλονται,
1437 1279 1586 1361 firmaret,
1610 1301 1660 1344 ar-

350 1390 534 1473 gumentum
557 1382 737 1466 quaerebat
782 1380 847 1447 Sed
868 1381 911 1463 id,
932 1380 1016 1465 quod
1038 1381 1219 1446 inveniebat
1241 1382 1294 1464 (59
1312 1375 1466 1468 ἡγοῦνται
1487 1376 1548 1469 γὰρ
1571 1385 1660 1465 ...l

349 1512 413 1556 non
439 1487 533 1573 plane
555 1486 664 1566 adea,
686 1506 767 1569 quae
788 1484 995 1568 praecedunt,
1017 1485 1159 1568 quadrat
1205 1485 1244 1549 In
1274 1485 1325 1566 iis,
1353 1507 1435 1569 quae
1456 1487 1661 1570 praecedunt,

349 1593 562 1659 Athenienses
585 1589 707 1655 cladem
731 1594 913 1672 accepturos
936 1608 1012 1670 esse,
1042 1588 1076 1651 in
1099 1589 1138 1653 iis
1160 1594 1275 1669 autern,
1297 1610 1378 1672 quae
1399 1596 1560 1673 sequntur,
1581 1590 1659 1655 Phi-

350 1697 471 1781 lippum
495 1695 612 1760 victum
633 1693 671 1757 iri
692 1698 798 1758 orator
817 1693 915 1776 ponit.
938 1730 980 1741 -

433 1798 472 1863 X
495 1798 535 1863 18
544 1819 608 1881 sqq.
639 1794 871 1861 Demosthenes
892 1795 982 1860 dicit:
1011 1816 1074 1860 non
1096 1800 1152 1876 est,
1179 1817 1235 1861 cur
1257 1816 1307 1861 me
1330 1797 1507 1880 amicosque
1529 1818 1658 1862 accuse·

349 1904 399 1968 tis.
444 1901 535 1967 Nihil
558 1901 641 1965 enim
663 1899 854 1964 intendimus
885 1898 946 1964 nisi
967 1898 1051 1982 quod
1073 1898 1252 1982 Philippus,
1283 1921 1324 1965 sc.
1348 1906 1384 1965 ut
1404 1900 1501 1967 hostis
1523 1901 1659 1985 repella·

348 2012 412 2086 tur,
442 2026 523 2088 quae
545 2009 652 2069 tamen
673 2023 723 2068 res
743 2001 843 2067 multo
871 2002 991 2067 acriore
1017 2001 1121 2067 studio
1148 2002 1299 2086 agitanda
1327 2009 1383 2071 est.
1429 2003 1520 2089 Quae
1543 2005 1661 2070 ultima

348 2109 503 2174 sententia
525 2108 558 2170 in
581 2106 721 2171 oratione
744 2105 782 2170 X
803 2106 907 2189 aptius
937 2127 1033 2189 quam
1061 2106 1095 2169 in
1121 2106 1262 2172 oratione
1283 2106 1374 2175 VIII
1394 2118 1468 2172 v'cnm
1488 2109 1540 2192 iis,
1573 2130 1658 2192 quae

347 2211 549 2297 praecedunt,
571 2210 739 2275 coniuncta
761 2230 827 2274 esse
849 2208 979 2273 videtur.
1024 2207 1113 2277 VIII
1128 2209 1170 2274 46
1192 2210 1275 2275 enim
1296 2211 1373 2276 dicit
1393 2217 1509 2277 orator:
1534 2212 1658 2278 Urbem

348 2317 518 2381 exercitum
541 2313 581 2379 ad
604 2313 745 2381 Graecos
767 2334 786 2377 a
808 2312 956 2396 Philippo
978 2312 1193 2379 defendendas
1220 2319 1367 2398 paratum
1388 2314 1505 2381 habere
1526 2338 1658 2382 necesse

349 2424 404 2485 est
447 2417 537 2487 VIII
559 2417 615 2482 47:
648 2416 733 2489 Nam
763 2416 1013 2500 expeditionibus
1045 2418 1205 2483 mittendis
1238 2416 1280 2482 τὰ
1309 2417 1424 2483 δέοντα
1452 2419 1561 2504 perfici
1593 2442 1658 2485 non

348 2527 487 2606 possunt.
533 2519 746 2605 Quamobrem
768 2520 801 2584 id
823 2519 890 2585 fieri
913 2526 1058 2603 nequeat,
1091 2520 1321 2588 Demosthenes
1341 2523 1375 2586 in
1397 2524 1537 2589 oratione
1564 2524 1658 2592 VIII

348 2647 412 2690 non
433 2625 518 2690 dicit.
562 2624 603 2687 In
626 2624 774 2689 orationis
797 2622 835 2687 X
864 2629 971 2687 autem
993 2624 1012 2707 ς
1035 2623 1077 2689 20
1106 2631 1138 2688 et
1159 2624 1210 2705 21,
1239 2626 1394 2708 quomodo
1422 2648 1521 2710 usque
1549 2627 1658 2693 adhuc

347 2750 396 2793 res
417 2728 577 2811 gesserint,
599 2732 664 2791 tam
687 2726 799 2792 lucidis
814 2726 958 2810 depinxit
972 2726 1135 2808 coloribus,
1156 2733 1200 2810 ut,
1221 2728 1425 2812 quamobrem
1439 2730 1657 2797 Athenienses

348 2831 610 2948 expeditionibus
621 2830 724 2896 missis
746 2829 824 2894 nihil
846 2830 980 2895 assecuti
1001 2831 1072 2912 sint,
1093 2852 1217 2914 prorsus
1238 2832 1465 2916 intellegamus.

433 2934 612 3017 Quodvirr
603 2933 727 3000 docti
701 2934 926 2999 tonationem
948 2933 986 2998 X
1010 2933 1288 3000 Demosthenicam
1319 2958 1388 3002 esse
1418 2944 1549 3021 negant,
1581 2961 1654 3003 cum

346 3059 463 3122 magna
491 3037 640 3115 orationis
665 3059 739 3121 pars
768 3058 807 3102 ex
834 3038 975 3102 oratione
1006 3038 1095 3105 VIII
1125 3039 1291 3124 desumpta
1320 3043 1374 3121 sit,
1408 3040 1577 3106 dicendum
1608 3047 1658 3107 est

346 3162 403 3207 nos
426 3142 552 3207 omnino
571 3141 700 3221 nescire,
722 3162 764 3205 an
788 3140 1018 3207 Demosthenes
1039 3148 1205 3226 utramque
1227 3144 1401 3208 orationem
1425 3144 1567 3210 ediderit.

433 3243 626 3311 Gravissimo
648 3244 705 3308 viri
728 3243 812 3309 docti
833 3245 866 3308 in
893 3246 939 3309 eis
966 3244 1179 3325 offenduntur,
1211 3247 1295 3330 quod
1324 3248 1570 3331 Demosthenes,
1600 3248 1656 3332 qui

346 3348 538 3413 orationibus
562 3347 758 3433 Olynthiacis
777 3347 992 3414 Athenienses
1014 3350 1209 3433 vituperavit,
1231 3351 1315 3433 quod
1336 3352 1503 3436 vectigalia
1525 3351 1656 3435 publica

346 3450 520 3532 effundant,
543 3454 597 3534 qui
617 3452 650 3515 in
666 3451 806 3516 oratione
821 3451 909 3519 VIII
924 3457 1053 3535 questus
1068 3459 1123 3534 est,
1145 3453 1228 3535 quod
1249 3455 1315 3517 τῶν
1329 3454 1446 3519 κοινῶν
1461 3448 1655 3535 ἀπέχεσθαι

345 3553 560 3620 Athenienses
581 3554 702 3619 nollent
723 3553 824 3636 (VIII
845 3555 908 3638 21),
941 3556 994 3639 qui
1024 3577 1107 3622 anno
1132 3557 1227 3642 339ίὸ
1258 3557 1360 3641 legem
1386 3559 1524 3642 pertulit,
1554 3564 1592 3623 ut
1610 3556 1654 3623 τὰ

345 3649 494 3743 demerso?
519 3653 741 3742 στρατιωτικοί
763 3656 857 3740 fiant,
889 3659 923 3721 in
951 3659 1090 3724 oratione
1119 3659 1157 3723 X
1185 3659 1366 3744 largitiones
1393 3661 1464 3726 illas
1490 3661 1656 3728 faciendas

347 3760 496 3826 defendit.
543 3760 607 3845 Qui
637 3761 808 3826 orationem
838 3760 876 3825 X
902 3761 1127 3827 Demosthenis
1157 3784 1225 3829 esse
1246 3785 1302 3847 pro
1324 3769 1409 3829 certo
1429 3764 1563 3845 habent,
1595 3765 1655 3829 viri

346 3864 431 3929 docti
455 3863 620 3947 Spenge11)
644 3869 677 3927 et
697 3863 843 3942 Koerte⁸l
870 3866 1090 3931 concluserimt
1111 3888 1150 3932 ex
1171 3868 1395 3933 Demosthenis
1422 3868 1537 3949 verbis,
1570 3890 1654 3952 quae

346 3972 472 4032 exstant
494 3965 546 4033 Ol.
570 3966 706 4032 11119:
739 3962 770 4032 εί
797 3965 834 4032 δέ
863 3992 915 4046 τις
944 3960 1040 4053 ἡμῶν
1065 3965 1132 4051 ἔχει
1159 3968 1216 4035 καί
1250 3968 1291 4035 τοί
1324 3969 1471 4057 θεωρικὰ
1507 3970 1562 4037 ἐᾶν
1593 3969 1654 4037 καί

346 4065 472 4155 πόρους
501 4065 628 4155 ἑτέρους
648 4070 753 4156 λέγειν
775 4071 1043 4156 στρατιωτικοὺς,
1072 4068 1129 4154 οὐχ
1158 4057 1254 4153 οὗτος
1280 4071 1450 4161 κρείττων·
1482 4070 1578 4140 ε’ίποι
1599 4098 1653 4152 τις

344 4165 404 4237 dv·
428 4170 511 4263 φήμ’
533 4169 641 4260 ἔγωγε,
668 4169 763 4292 είπερ
790 4170 889 4256 ἐστιν,
923 4201 949 4297 ep
937 4166 1086 4300 ἄνδρες
1109 4168 1297 4300 'stipulator
1326 4174 1412 4243 aare
1437 4173 1649 4261 θανμοίζω’
1623 4172 1657 4245 εί

344 4273 407 4343 τοίι
429 4274 506 4342 ποτ’
528 4270 720 4363 ἀνθρώπων
741 4268 763 4365 ἢ
784 4277 907 4365 γέγονεν
928 4272 952 4367 ἢ
972 4276 1148 4369 γενήσεται,
1180 4306 1218 4346 αν
1246 4305 1288 4346 τα
1315 4274 1453 4368 παρόντ’
1481 4275 1653 4371 ἄναλοίοηι

345 4374 431 4467 πρὸς
453 4407 475 4445 α
496 4379 542 4469 μὴ
565 4381 623 4463 δεῖ,
655 4383 720 4446 τῶν
747 4377 900 4449 απόντων
929 4376 1116 4472 εὐπορῆσαι
1141 4382 1233 4470 πρὸς
1253 4412 1274 4451 α
1258 4370 1366 4465 “dem
1400 4386 1654 4452 Demosthenem

345 4506 417 4550 cum
439 4491 579 4569 speraret
565 4485 814 4552 tAthenienses
835 4508 855 4552 a
876 4510 950 4572 rege
972 4488 1141 4554 Persarum
1162 4490 1312 4574 pecunias
1336 4490 1378 4555 ad
1399 4490 1517 4555 bellum
1540 4512 1654 4574 geren·

345 4588 421 4654 dum
444 4595 625 4674 accepturos
645 4594 748 4674 esse3),
780 4590 1039 4675 elargitionibus
1061 4593 1223 4660 abolendis
1244 4595 1409 4661 abstitisse.
1454 4592 1528 4678 Qua
1552 4594 1655 4677 expli·

432 4834 459 4903 1)
476 4834 620 4890 Abhandl.
639 4837 665 4891 d.
685 4837 785 4907 Bayer.
804 4838 858 4893 Ak.
878 4839 919 4893 IX
938 4857 964 4909 p.
982 4840 1044 4894 301.
1150 4839 1179 4908 2)
1196 4840 1269 4894 Mus.
1287 4840 1376 4895 Rhen.
1396 4840 1432 4894 60
1450 4858 1476 4911 p.
1494 4839 1557 4894 405.

429 4923 457 4994 3)
476 4925 510 4978 cf.
529 4926 555 4978 X
572 4926 607 4979 31
628 4943 689 4997 sqq.
