<?xml version="1.0" encoding="UTF-8"?>
<!DOCTYPE html PUBLIC "-//W3C//DTD XHTML 1.0 Transitional//EN"
    "http://www.w3.org/TR/xhtml1/DTD/xhtml1-transitional.dtd">
<html xmlns="http://www.w3.org/1999/xhtml" xml:lang="en" lang="en">
 <head>
  <title>
</title>
<meta http-equiv="Content-Type" content="text/html;charset=utf-8" />
  <meta name='ocr-system' content='tesseract 3.04.00' />
  <meta name='ocr-capabilities' content='ocr_page ocr_carea ocr_par ocr_line ocrx_word'/>
</head>
<body>
  <div class='ocr_page' id='page_1' title='image "./quaestionesdemo00stavgoog_0035.png"; bbox 0 0 3650 5709; ppageno 0'>
   <div class='ocr_carea' id='block_1_1' title="bbox 814 419 1043 505">
    <p class='ocr_par' dir='ltr' id='par_1_1' title="bbox 814 419 1043 505">
     <span class='ocr_line' id='line_1_1' title="bbox 814 419 1043 505; baseline 0 0"><span class='ocrx_word' id='word_1_1' title='bbox 814 419 1043 505; x_wconf 78' lang='lat' dir='ltr'>-ar-&#39;</span> 
     </span>
    </p>
   </div>
   <div class='ocr_carea' id='block_1_2' title="bbox 256 620 1572 3718">
    <p class='ocr_par' dir='ltr' id='par_1_2' title="bbox 260 620 1572 1339">
     <span class='ocr_line' id='line_1_2' title="bbox 260 620 1570 716; baseline 0.012 -29"><span class='ocrx_word' id='word_1_2' title='bbox 260 620 374 688; x_wconf 88' lang='lat' dir='ltr'>dessen</span> <span class='ocrx_word' id='word_1_3' title='bbox 404 625 502 693; x_wconf 91' lang='lat' dir='ltr'>einen</span> <span class='ocrx_word' id='word_1_4' title='bbox 533 628 603 694; x_wconf 75' lang='lat' dir='ltr'>Teil</span> <span class='ocrx_word' id='word_1_5' title='bbox 633 630 735 695; x_wconf 90' lang='lat' dir='ltr'>seiner</span> <span class='ocrx_word' id='word_1_6' title='bbox 762 628 913 714; x_wconf 77' lang='lat' dir='ltr'>Truppen</span> <span class='ocrx_word' id='word_1_7' title='bbox 943 633 976 695; x_wconf 90' lang='lat' dir='ltr'>in</span> <span class='ocrx_word' id='word_1_8' title='bbox 1003 632 1065 697; x_wconf 92' lang='lat' dir='ltr'>den</span> <span class='ocrx_word' id='word_1_9' title='bbox 1088 629 1242 716; x_wconf 81' lang='lat' dir='ltr'>Siimpfen</span> <span class='ocrx_word' id='word_1_10' title='bbox 1264 634 1378 716; x_wconf 85' lang='lat' dir='ltr'>verlor,</span> <span class='ocrx_word' id='word_1_11' title='bbox 1410 635 1468 701; x_wconf 84' lang='lat' dir='ltr'>auf</span> <span class='ocrx_word' id='word_1_12' title='bbox 1485 638 1570 703; x_wconf 82' lang='lat' dir='ltr'>aeine</span> 
     </span>
     <span class='ocr_line' id='line_1_3' title="bbox 262 726 1570 818; baseline 0.008 -24"><span class='ocrx_word' id='word_1_13' title='bbox 262 726 543 812; x_wconf 86' lang='lat' dir='ltr'>Operationsbasis</span> <span class='ocrx_word' id='word_1_14' title='bbox 564 732 742 798; x_wconf 80' lang='lat' dir='ltr'>Phonikien</span> <span class='ocrx_word' id='word_1_15' title='bbox 770 733 1061 818; x_wconf 81' lang='lat' dir='ltr'>zuriickgegangen.</span> <span class='ocrx_word' id='word_1_16' title='bbox 1104 734 1225 801; x_wconf 82' lang='lat' dir='ltr'><strong>Contra</strong></span> <span class='ocrx_word' id='word_1_17' title='bbox 1245 757 1284 801; x_wconf 90' lang='lat' dir='ltr'>ea</span> <span class='ocrx_word' id='word_1_18' title='bbox 1305 737 1381 801; x_wconf 93' lang='lat' dir='ltr'>mihi</span> <span class='ocrx_word' id='word_1_19' title='bbox 1403 739 1570 805; x_wconf 88' lang='lat' dir='ltr'>dicendum</span> 
     </span>
     <span class='ocr_line' id='line_1_4' title="bbox 262 832 1572 927; baseline 0.008 -30"><span class='ocrx_word' id='word_1_20' title='bbox 262 853 332 897; x_wconf 89' lang='lat' dir='ltr'>esse</span> <span class='ocrx_word' id='word_1_21' title='bbox 353 832 503 901; x_wconf 84' lang='lat' dir='ltr'>videntur</span> <span class='ocrx_word' id='word_1_22' title='bbox 529 837 664 921; x_wconf 89' lang='lat' dir='ltr'>primum</span> <span class='ocrx_word' id='word_1_23' title='bbox 687 835 873 918; x_wconf 90' lang='lat' dir='ltr'>Diodorum,</span> <span class='ocrx_word' id='word_1_24' title='bbox 895 838 1021 921; x_wconf 89' lang='lat' dir='ltr'>quires</span> <span class='ocrx_word' id='word_1_25' title='bbox 1044 844 1146 922; x_wconf 82' lang='lat' dir='ltr'>gestas</span> <span class='ocrx_word' id='word_1_26' title='bbox 1167 838 1260 923; x_wconf 82' lang='lat' dir='ltr'>plene</span> <span class='ocrx_word' id='word_1_27' title='bbox 1282 846 1315 904; x_wconf 89' lang='lat' dir='ltr'>et</span> <span class='ocrx_word' id='word_1_28' title='bbox 1336 848 1481 907; x_wconf 87' lang='lat' dir='ltr'>accurate</span> <span class='ocrx_word' id='word_1_29' title='bbox 1502 865 1572 927; x_wconf 89' lang='lat' dir='ltr'>per·</span> 
     </span>
     <span class='ocr_line' id='line_1_5' title="bbox 262 940 1571 1029; baseline 0.005 -26"><span class='ocrx_word' id='word_1_30' title='bbox 262 943 389 1020; x_wconf 86' lang='lat' dir='ltr'>tractat,</span> <span class='ocrx_word' id='word_1_31' title='bbox 422 960 543 1023; x_wconf 84' lang='lat' dir='ltr'>regem</span> <span class='ocrx_word' id='word_1_32' title='bbox 559 945 687 1024; x_wconf 90' lang='lat' dir='ltr'>propter</span> <span class='ocrx_word' id='word_1_33' title='bbox 712 940 925 1006; x_wconf 82' lang='lat' dir='ltr'>calamitatem</span> <span class='ocrx_word' id='word_1_34' title='bbox 946 941 979 1005; x_wconf 90' lang='lat' dir='ltr'>in</span> <span class='ocrx_word' id='word_1_35' title='bbox 1002 942 1167 1008; x_wconf 84' lang='lat' dir='ltr'>Barathris</span> <span class='ocrx_word' id='word_1_36' title='bbox 1189 942 1305 1008; x_wconf 85' lang='lat' dir='ltr'>laetam</span> <span class='ocrx_word' id='word_1_37' title='bbox 1328 965 1396 1009; x_wconf 91' lang='lat' dir='ltr'>sese</span> <span class='ocrx_word' id='word_1_38' title='bbox 1417 946 1571 1029; x_wconf 84' lang='lat' dir='ltr'>recepisse</span> 
     </span>
     <span class='ocr_line' id='line_1_6' title="bbox 263 1042 1571 1131; baseline 0.005 -24"><span class='ocrx_word' id='word_1_39' title='bbox 263 1064 328 1108; x_wconf 91' lang='lat' dir='ltr'>non</span> <span class='ocrx_word' id='word_1_40' title='bbox 359 1042 491 1108; x_wconf 84' lang='lat' dir='ltr'>tradere.</span> <span class='ocrx_word' id='word_1_41' title='bbox 542 1043 645 1108; x_wconf 91' lang='lat' dir='ltr'>Immo</span> <span class='ocrx_word' id='word_1_42' title='bbox 676 1042 834 1109; x_wconf 90' lang='lat' dir='ltr'>Diodorus</span> <span class='ocrx_word' id='word_1_43' title='bbox 863 1066 969 1129; x_wconf 87' lang='lat' dir='ltr'>regem</span> <span class='ocrx_word' id='word_1_44' title='bbox 996 1046 1103 1111; x_wconf 91' lang='lat' dir='ltr'>multis</span> <span class='ocrx_word' id='word_1_45' title='bbox 1132 1046 1229 1129; x_wconf 89' lang='lat' dir='ltr'>copiis</span> <span class='ocrx_word' id='word_1_46' title='bbox 1257 1046 1378 1112; x_wconf 88' lang='lat' dir='ltr'>amissis</span> <span class='ocrx_word' id='word_1_47' title='bbox 1403 1047 1571 1131; x_wconf 86' lang='lat' dir='ltr'>Barathra,</span> 
     </span>
     <span class='ocr_line' id='line_1_7' title="bbox 264 1147 1570 1237; baseline 0.005 -26"><span class='ocrx_word' id='word_1_48' title='bbox 264 1168 346 1229; x_wconf 88' lang='lat' dir='ltr'>qnae</span> <span class='ocrx_word' id='word_1_49' title='bbox 369 1154 528 1229; x_wconf 85' lang='lat' dir='ltr'>vocantur,</span> <span class='ocrx_word' id='word_1_50' title='bbox 550 1148 709 1213; x_wconf 83' lang='lat' dir='ltr'>transiisse</span> <span class='ocrx_word' id='word_1_51' title='bbox 732 1153 846 1213; x_wconf 88' lang='lat' dir='ltr'>narrat.</span> <span class='ocrx_word' id='word_1_52' title='bbox 891 1147 975 1213; x_wconf 81' lang='lat' dir='ltr'>Tum</span> <span class='ocrx_word' id='word_1_53' title='bbox 996 1149 1151 1215; x_wconf 88' lang='lat' dir='ltr'>Isocrates</span> <span class='ocrx_word' id='word_1_54' title='bbox 1177 1150 1312 1216; x_wconf 85' lang='lat' dir='ltr'>dilucide</span> <span class='ocrx_word' id='word_1_55' title='bbox 1334 1172 1441 1235; x_wconf 84' lang='lat' dir='ltr'>regem</span> <span class='ocrx_word' id='word_1_56' title='bbox 1463 1175 1570 1237; x_wconf 88' lang='lat' dir='ltr'>pugna</span> 
     </span>
     <span class='ocr_line' id='line_1_8' title="bbox 264 1243 1326 1339; baseline 0.002 -24"><span class='ocrx_word' id='word_1_57' title='bbox 264 1251 382 1316; x_wconf 84' lang='lat' dir='ltr'>victum</span> <span class='ocrx_word' id='word_1_58' title='bbox 405 1273 473 1317; x_wconf 89' lang='lat' dir='ltr'>esse</span> <span class='ocrx_word' id='word_1_59' title='bbox 495 1243 671 1339; x_wconf 76' lang='grc' dir='ltr'><em>(ἡττηθείς)</em></span> <span class='ocrx_word' id='word_1_60' title='bbox 695 1257 726 1317; x_wconf 88' lang='lat' dir='ltr'>et</span> <span class='ocrx_word' id='word_1_61' title='bbox 748 1251 838 1317; x_wconf 89' lang='lat' dir='ltr'>clade</span> <span class='ocrx_word' id='word_1_62' title='bbox 861 1258 993 1336; x_wconf 85' lang='lat' dir='ltr'>accepta</span> <span class='ocrx_word' id='word_1_63' title='bbox 1013 1275 1047 1319; x_wconf 93' lang='lat' dir='ltr'>se</span> <span class='ocrx_word' id='word_1_64' title='bbox 1068 1254 1221 1337; x_wconf 90' lang='lat' dir='ltr'>recepisse</span> <span class='ocrx_word' id='word_1_65' title='bbox 1242 1253 1326 1318; x_wconf 86' lang='lat' dir='ltr'>dicit</span> 
     </span>
    </p>

    <p class='ocr_par' dir='ltr' id='par_1_3' title="bbox 259 1354 1571 2266">
     <span class='ocr_line' id='line_1_9' title="bbox 353 1354 1570 1441; baseline 0.002 -19"><span class='ocrx_word' id='word_1_66' title='bbox 353 1354 511 1439; x_wconf 84' lang='lat' dir='ltr'>Sequitur,</span> <span class='ocrx_word' id='word_1_67' title='bbox 533 1361 570 1419; x_wconf 94' lang='lat' dir='ltr'>ut</span> <span class='ocrx_word' id='word_1_68' title='bbox 592 1355 688 1420; x_wconf 88' lang='lat' dir='ltr'>verba</span> <span class='ocrx_word' id='word_1_69' title='bbox 702 1355 851 1421; x_wconf 88' lang='lat' dir='ltr'>Isocratis</span> <span class='ocrx_word' id='word_1_70' title='bbox 873 1377 937 1421; x_wconf 91' lang='lat' dir='ltr'>non</span> <span class='ocrx_word' id='word_1_71' title='bbox 959 1357 1000 1422; x_wconf 91' lang='lat' dir='ltr'>ad</span> <span class='ocrx_word' id='word_1_72' title='bbox 1015 1378 1062 1438; x_wconf 85' lang='lat' dir='ltr'>ea,</span> <span class='ocrx_word' id='word_1_73' title='bbox 1084 1378 1164 1439; x_wconf 90' lang='lat' dir='ltr'>quae</span> <span class='ocrx_word' id='word_1_74' title='bbox 1180 1356 1340 1422; x_wconf 90' lang='lat' dir='ltr'>Diodorus</span> <span class='ocrx_word' id='word_1_75' title='bbox 1353 1358 1404 1439; x_wconf 89' lang='grc'>46,</span> <span class='ocrx_word' id='word_1_76' title='bbox 1418 1358 1439 1424; x_wconf 84' lang='grc'>5</span> <span class='ocrx_word' id='word_1_77' title='bbox 1455 1366 1570 1441; x_wconf 86' lang='lat' dir='ltr'>narrat,</span> 
     </span>
     <span class='ocr_line' id='line_1_10' title="bbox 265 1458 1571 1546; baseline 0.002 -21"><span class='ocrx_word' id='word_1_78' title='bbox 265 1459 319 1525; x_wconf 92' lang='lat' dir='ltr'>sed</span> <span class='ocrx_word' id='word_1_79' title='bbox 352 1459 394 1525; x_wconf 88' lang='lat' dir='ltr'>ad</span> <span class='ocrx_word' id='word_1_80' title='bbox 424 1458 560 1540; x_wconf 87' lang='lat' dir='ltr'>cladem,</span> <span class='ocrx_word' id='word_1_81' title='bbox 592 1481 687 1543; x_wconf 88' lang='lat' dir='ltr'>quam</span> <span class='ocrx_word' id='word_1_82' title='bbox 707 1459 839 1545; x_wconf 92' lang='lat' dir='ltr'>Belesys</span> <span class='ocrx_word' id='word_1_83' title='bbox 862 1465 894 1524; x_wconf 92' lang='lat' dir='ltr'>et</span> <span class='ocrx_word' id='word_1_84' title='bbox 915 1460 1067 1526; x_wconf 89' lang='lat' dir='ltr'>Mazaeus</span> <span class='ocrx_word' id='word_1_85' title='bbox 1095 1466 1296 1545; x_wconf 88' lang='lat' dir='ltr'>acceperunt,</span> <span class='ocrx_word' id='word_1_86' title='bbox 1327 1461 1376 1526; x_wconf 87' lang='lat' dir='ltr'>vel</span> <span class='ocrx_word' id='word_1_87' title='bbox 1404 1463 1508 1546; x_wconf 91' lang='lat' dir='ltr'>potius</span> <span class='ocrx_word' id='word_1_88' title='bbox 1529 1465 1571 1529; x_wconf 89' lang='lat' dir='ltr'>ad</span> 
     </span>
     <span class='ocr_line' id='line_1_11' title="bbox 265 1557 1569 1646; baseline 0.001 -17"><span class='ocrx_word' id='word_1_89' title='bbox 265 1564 383 1629; x_wconf 89' lang='lat' dir='ltr'>bellum</span> <span class='ocrx_word' id='word_1_90' title='bbox 412 1562 626 1639; x_wconf 86' lang='lat' dir='ltr'>calamitosum</span> <span class='ocrx_word' id='word_1_91' title='bbox 658 1563 708 1644; x_wconf 88' lang='grc'>40,</span> <span class='ocrx_word' id='word_1_92' title='bbox 730 1563 751 1626; x_wconf 91' lang='grc'>4</span> <span class='ocrx_word' id='word_1_93' title='bbox 771 1584 836 1646; x_wconf 91' lang='lat' dir='ltr'>sqq.</span> <span class='ocrx_word' id='word_1_94' title='bbox 871 1570 1149 1628; x_wconf 90' lang='lat' dir='ltr'>commemoratum</span> <span class='ocrx_word' id='word_1_95' title='bbox 1181 1562 1347 1628; x_wconf 87' lang='lat' dir='ltr'>referenda</span> <span class='ocrx_word' id='word_1_96' title='bbox 1377 1564 1453 1629; x_wconf 88' lang='lat' dir='ltr'>sint:</span> <span class='ocrx_word' id='word_1_97' title='bbox 1485 1557 1569 1630; x_wconf 91' lang='grc' dir='ltr'><em>ἀπο-</em></span> 
     </span>
     <span class='ocr_line' id='line_1_12' title="bbox 265 1661 1569 1754; baseline 0.002 -23"><span class='ocrx_word' id='word_1_98' title='bbox 265 1664 406 1731; x_wconf 75' lang='grc' dir='ltr'><strong><em>στέλλων</em></strong></span> <span class='ocrx_word' id='word_1_99' title='bbox 427 1662 580 1750; x_wconf 87' lang='grc' dir='ltr'><em>δυνόμεις</em></span> <span class='ocrx_word' id='word_1_100' title='bbox 600 1664 658 1730; x_wconf 83' lang='grc' dir='ltr'>καί</span> <span class='ocrx_word' id='word_1_101' title='bbox 680 1664 880 1754; x_wconf 81' lang='grc' dir='ltr'><em>στρατηγοίς</em></span> <span class='ocrx_word' id='word_1_102' title='bbox 896 1662 1060 1743; x_wconf 75' lang='grc' dir='ltr'><em>πολλάκις</em></span> <span class='ocrx_word' id='word_1_103' title='bbox 1075 1661 1295 1751; x_wconf 82' lang='grc' dir='ltr'><em>ἀπετύγχανεν</em></span> <span class='ocrx_word' id='word_1_104' title='bbox 1309 1664 1365 1731; x_wconf 90' lang='grc' dir='ltr'>διά</span> <span class='ocrx_word' id='word_1_105' title='bbox 1379 1664 1439 1754; x_wconf 83' lang='grc' dir='ltr'>τὴν</span> <span class='ocrx_word' id='word_1_106' title='bbox 1452 1666 1569 1733; x_wconf 79' lang='grc' dir='ltr'><strong><em>κακίαν</em></strong></span> 
     </span>
     <span class='ocr_line' id='line_1_13' title="bbox 263 1762 1568 1857; baseline -0.001 -20"><span class='ocrx_word' id='word_1_107' title='bbox 263 1769 320 1837; x_wconf 81' lang='grc' dir='ltr'>καί</span> <span class='ocrx_word' id='word_1_108' title='bbox 353 1765 512 1855; x_wconf 78' lang='grc' dir='ltr'><em>ἀπειρίαν</em></span> <span class='ocrx_word' id='word_1_109' title='bbox 539 1768 607 1834; x_wconf 79' lang='grc' dir='ltr'>τῶν</span> <span class='ocrx_word' id='word_1_110' title='bbox 634 1763 803 1857; x_wconf 75' lang='grc' dir='ltr'><em>ἡγεμόνιον.</em></span> <span class='ocrx_word' id='word_1_111' title='bbox 841 1763 894 1835; x_wconf 84' lang='grc' dir='ltr'><em>διδ</em></span> <span class='ocrx_word' id='word_1_112' title='bbox 925 1767 980 1834; x_wconf 78' lang='grc' dir='ltr'>καί</span> <span class='ocrx_word' id='word_1_113' title='bbox 1009 1767 1300 1857; x_wconf 69' lang='grc' dir='ltr'><em>καταφρονηθείςῑ)</em></span> <span class='ocrx_word' id='word_1_114' title='bbox 1322 1762 1392 1835; x_wconf 83' lang='grc' dir='ltr'><em>ύπδ</em></span> <span class='ocrx_word' id='word_1_115' title='bbox 1416 1772 1482 1835; x_wconf 78' lang='grc' dir='ltr'>τῶν</span> <span class='ocrx_word' id='word_1_116' title='bbox 1502 1768 1568 1837; x_wconf 87' lang='grc' dir='ltr'><em>Αί-</em></span> 
     </span>
     <span class='ocr_line' id='line_1_14' title="bbox 262 1866 1570 1962; baseline 0 -23"><span class='ocrx_word' id='word_1_117' title='bbox 262 1871 412 1962; x_wconf 88' lang='grc' dir='ltr'><em>γυπσίων</em></span> <span class='ocrx_word' id='word_1_118' title='bbox 439 1867 635 1960; x_wconf 75' lang='grc' dir='ltr'><em>ἠναγκάζετο</em></span> <span class='ocrx_word' id='word_1_119' title='bbox 664 1875 829 1958; x_wconf 78' lang='grc' dir='ltr'><em>καρτερεῖν</em></span> <span class='ocrx_word' id='word_1_120' title='bbox 859 1868 916 1938; x_wconf 89' lang='grc' dir='ltr'><em>διό</em></span> <span class='ocrx_word' id='word_1_121' title='bbox 943 1896 978 1938; x_wconf 88' lang='grc' dir='ltr'>τε</span> <span class='ocrx_word' id='word_1_122' title='bbox 1008 1870 1068 1962; x_wconf 74' lang='grc' dir='ltr'>τὴν</span> <span class='ocrx_word' id='word_1_123' title='bbox 1096 1867 1211 1958; x_wconf 78' lang='grc' dir='ltr'><em>ἀργίαν</em></span> <span class='ocrx_word' id='word_1_124' title='bbox 1240 1870 1297 1937; x_wconf 83' lang='grc' dir='ltr'><em>καὶ</em></span> <span class='ocrx_word' id='word_1_125' title='bbox 1318 1866 1356 1937; x_wconf 87' lang='grc' dir='ltr'><em>τὸ</em></span> <span class='ocrx_word' id='word_1_126' title='bbox 1378 1873 1437 1959; x_wconf 79' lang='grc' dir='ltr'>τῆς</span> <span class='ocrx_word' id='word_1_127' title='bbox 1461 1877 1570 1961; x_wconf 75' lang='grc' dir='ltr'><em>ψυχῆς</em></span> 
     </span>
     <span class='ocr_line' id='line_1_15' title="bbox 261 1970 1568 2066; baseline -0.001 -22"><span class='ocrx_word' id='word_1_128' title='bbox 261 1973 434 2066; x_wconf 81' lang='grc' dir='ltr'><em>εἰρηνικόν.</em></span> <span class='ocrx_word' id='word_1_129' title='bbox 478 1976 518 2042; x_wconf 79' lang='lat' dir='ltr'>cf.</span> <span class='ocrx_word' id='word_1_130' title='bbox 542 1978 560 2059; x_wconf 63' lang='grc' dir='ltr'>ἐ</span> <span class='ocrx_word' id='word_1_131' title='bbox 582 1977 602 2041; x_wconf 89' lang='grc'><strong>3</strong></span> <span class='ocrx_word' id='word_1_132' title='bbox 625 1974 709 2041; x_wconf 87' lang='grc' dir='ltr'><em>κατά</em></span> <span class='ocrx_word' id='word_1_133' title='bbox 734 1973 771 2040; x_wconf 78' lang='grc' dir='ltr'>δὲ</span> <span class='ocrx_word' id='word_1_134' title='bbox 792 1974 853 2063; x_wconf 77' lang='grc' dir='ltr'>τὴν</span> <span class='ocrx_word' id='word_1_135' title='bbox 872 1970 988 2041; x_wconf 76' lang='grc' dir='ltr'><em>Ἀσίαν</em></span> <span class='ocrx_word' id='word_1_136' title='bbox 1011 1973 1028 2041; x_wconf 86' lang='grc' dir='ltr'><em>ὃ</em></span> <span class='ocrx_word' id='word_1_137' title='bbox 1050 1973 1206 2059; x_wconf 84' lang='grc' dir='ltr'><em>βασιλεύς</em></span> <span class='ocrx_word' id='word_1_138' title='bbox 1227 1978 1293 2039; x_wconf 76' lang='grc' dir='ltr'><em>τοῖν</em></span> <span class='ocrx_word' id='word_1_139' title='bbox 1306 1978 1443 2061; x_wconf 82' lang='grc' dir='ltr'><em>Περσῶν</em></span> <span class='ocrx_word' id='word_1_140' title='bbox 1464 1975 1568 2060; x_wconf 78' lang='grc' dir='ltr'><em>ἀνμὲν</em></span> 
     </span>
     <span class='ocr_line' id='line_1_16' title="bbox 260 2072 1568 2168; baseline 0.001 -22"><span class='ocrx_word' id='word_1_141' title='bbox 260 2086 333 2160; x_wconf 87' lang='grc' dir='ltr'><em>τοῖς</em></span> <span class='ocrx_word' id='word_1_142' title='bbox 356 2076 468 2146; x_wconf 79' lang='grc' dir='ltr'><em>ἔπόνιο</em></span> <span class='ocrx_word' id='word_1_143' title='bbox 489 2076 618 2165; x_wconf 82' lang='grc' dir='ltr'><em>χρόνοις</em></span> <span class='ocrx_word' id='word_1_144' title='bbox 639 2077 835 2165; x_wconf 76' lang='grc' dir='ltr'><em>στρατεύσας</em></span> <span class='ocrx_word' id='word_1_145' title='bbox 857 2072 910 2145; x_wconf 78' lang='grc' dir='ltr'><em>ἐπ’</em></span> <span class='ocrx_word' id='word_1_146' title='bbox 935 2073 1114 2165; x_wconf 77' lang='grc' dir='ltr'><em>Αἴγυπτον</em></span> <span class='ocrx_word' id='word_1_147' title='bbox 1135 2079 1274 2157; x_wconf 88' lang='grc' dir='ltr'><em>πολλοῖς</em></span> <span class='ocrx_word' id='word_1_148' title='bbox 1294 2075 1446 2168; x_wconf 74' lang='grc' dir='ltr'><em>πλήθεσι</em></span> <span class='ocrx_word' id='word_1_149' title='bbox 1473 2091 1568 2168; x_wconf 90' lang='grc' dir='ltr'><em>στρα-</em></span> 
     </span>
     <span class='ocr_line' id='line_1_17' title="bbox 259 2176 716 2266; baseline -0.007 -14"><span class='ocrx_word' id='word_1_150' title='bbox 259 2186 391 2252; x_wconf 84' lang='grc' dir='ltr'><em>τιωτῶν</em></span> <span class='ocrx_word' id='word_1_151' title='bbox 411 2176 551 2265; x_wconf 85' lang='grc' dir='ltr'><em>ἀπέτυχε</em></span> <span class='ocrx_word' id='word_1_152' title='bbox 573 2232 677 2250; x_wconf 89' lang='grc'><strong>.....</strong></span> <span class='ocrx_word' id='word_1_153' title='bbox 683 2186 716 2266; x_wconf 77' lang='lat'>²).</span> 
     </span>
    </p>

    <p class='ocr_par' dir='ltr' id='par_1_4' title="bbox 259 2278 1567 2786">
     <span class='ocr_line' id='line_1_18' title="bbox 346 2278 1567 2372; baseline 0 -19"><span class='ocrx_word' id='word_1_154' title='bbox 346 2288 517 2354; x_wconf 88' lang='lat' dir='ltr'>Praeterea</span> <span class='ocrx_word' id='word_1_155' title='bbox 544 2287 700 2353; x_wconf 85' lang='lat' dir='ltr'>Isocrates</span> <span class='ocrx_word' id='word_1_156' title='bbox 733 2293 834 2353; x_wconf 88' lang='lat' dir='ltr'>totum</span> <span class='ocrx_word' id='word_1_157' title='bbox 864 2288 969 2353; x_wconf 90' lang='lat' dir='ltr'>locum</span> <span class='ocrx_word' id='word_1_158' title='bbox 1000 2282 1270 2372; x_wconf 70' lang='grc' dir='ltr'><em>(καταγελασθεὶς</em></span> <span class='ocrx_word' id='word_1_159' title='bbox 1295 2282 1351 2350; x_wconf 82' lang='grc' dir='ltr'><em>καὶ</em></span> <span class='ocrx_word' id='word_1_160' title='bbox 1374 2278 1471 2365; x_wconf 84' lang='grc' dir='ltr'><em>δόξας</em></span> <span class='ocrx_word' id='word_1_161' title='bbox 1493 2280 1567 2353; x_wconf 72' lang='lat' dir='ltr'>oilae</span> 
     </span>
     <span class='ocr_line' id='line_1_19' title="bbox 259 2382 1566 2479; baseline 0 -22"><span class='ocrx_word' id='word_1_162' title='bbox 259 2384 454 2478; x_wconf 70' lang='grc' dir='ltr'><em>βασιλεύειν]</em></span> <span class='ocrx_word' id='word_1_163' title='bbox 484 2382 557 2456; x_wconf 86' lang='grc' dir='ltr'><em>ούτε</em></span> <span class='ocrx_word' id='word_1_164' title='bbox 595 2396 784 2479; x_wconf 79' lang='grc' dir='ltr'><em>στρατηγεῖν</em></span> <span class='ocrx_word' id='word_1_165' title='bbox 820 2383 921 2475; x_wconf 79' lang='grc' dir='ltr'><em>ἀξιος)</em></span> <span class='ocrx_word' id='word_1_166' title='bbox 961 2397 1045 2456; x_wconf 86' lang='lat' dir='ltr'>certe</span> <span class='ocrx_word' id='word_1_167' title='bbox 1077 2412 1141 2455; x_wconf 91' lang='lat' dir='ltr'>non</span> <span class='ocrx_word' id='word_1_168' title='bbox 1174 2390 1361 2473; x_wconf 79' lang='lat' dir='ltr'>scripsisset,</span> <span class='ocrx_word' id='word_1_169' title='bbox 1403 2391 1430 2455; x_wconf 92' lang='lat' dir='ltr'>si</span> <span class='ocrx_word' id='word_1_170' title='bbox 1466 2390 1566 2457; x_wconf 90' lang='lat' dir='ltr'>Sidou</span> 
     </span>
     <span class='ocr_line' id='line_1_20' title="bbox 260 2493 1567 2580; baseline 0 -19"><span class='ocrx_word' id='word_1_171' title='bbox 260 2501 443 2580; x_wconf 84' lang='lat' dir='ltr'>expugnata</span> <span class='ocrx_word' id='word_1_172' title='bbox 472 2502 504 2560; x_wconf 91' lang='lat' dir='ltr'>et</span> <span class='ocrx_word' id='word_1_173' title='bbox 533 2495 705 2560; x_wconf 82' lang='lat' dir='ltr'>Phoenicia</span> <span class='ocrx_word' id='word_1_174' title='bbox 734 2495 865 2560; x_wconf 85' lang='lat' dir='ltr'>subacta</span> <span class='ocrx_word' id='word_1_175' title='bbox 886 2499 1003 2576; x_wconf 65' lang='lat' dir='ltr'>esseut</span> <span class='ocrx_word' id='word_1_176' title='bbox 1045 2494 1150 2558; x_wconf 93' lang='lat' dir='ltr'>Immo</span> <span class='ocrx_word' id='word_1_177' title='bbox 1174 2496 1193 2577; x_wconf 61' lang='grc' dir='ltr'>ξ</span> <span class='ocrx_word' id='word_1_178' title='bbox 1216 2493 1278 2558; x_wconf 85' lang='grc'>102</span> <span class='ocrx_word' id='word_1_179' title='bbox 1301 2493 1349 2559; x_wconf 92' lang='lat' dir='ltr'>his</span> <span class='ocrx_word' id='word_1_180' title='bbox 1371 2494 1446 2578; x_wconf 91' lang='lat' dir='ltr'>ipsis</span> <span class='ocrx_word' id='word_1_181' title='bbox 1466 2496 1567 2561; x_wconf 85' lang='lat' dir='ltr'>verbis</span> 
     </span>
     <span class='ocr_line' id='line_1_21' title="bbox 261 2596 1565 2686; baseline -0.002 -18"><span class='ocrx_word' id='word_1_182' title='bbox 261 2600 394 2686; x_wconf 81' lang='lat' dir='ltr'>Cyprios</span> <span class='ocrx_word' id='word_1_183' title='bbox 423 2605 455 2663; x_wconf 90' lang='lat' dir='ltr'>et</span> <span class='ocrx_word' id='word_1_184' title='bbox 480 2599 655 2664; x_wconf 85' lang='lat' dir='ltr'>Phoenices</span> <span class='ocrx_word' id='word_1_185' title='bbox 680 2599 714 2663; x_wconf 95' lang='lat' dir='ltr'>in</span> <span class='ocrx_word' id='word_1_186' title='bbox 741 2599 907 2681; x_wconf 88' lang='lat' dir='ltr'>seditione,</span> <span class='ocrx_word' id='word_1_187' title='bbox 939 2598 1078 2663; x_wconf 88' lang='lat' dir='ltr'>nondum</span> <span class='ocrx_word' id='word_1_188' title='bbox 1101 2619 1175 2681; x_wconf 86' lang='lat' dir='ltr'>ergo</span> <span class='ocrx_word' id='word_1_189' title='bbox 1197 2596 1342 2663; x_wconf 83' lang='lat' dir='ltr'>subactos</span> <span class='ocrx_word' id='word_1_190' title='bbox 1365 2618 1430 2663; x_wconf 89' lang='lat' dir='ltr'>esse</span> <span class='ocrx_word' id='word_1_191' title='bbox 1452 2597 1565 2680; x_wconf 69' lang='lat' dir='ltr'>dicito.</span> 
     </span>
     <span class='ocr_line' id='line_1_22' title="bbox 260 2687 1506 2786; baseline -0.002 -16"><span class='ocrx_word' id='word_1_192' title='bbox 260 2702 419 2786; x_wconf 87' lang='lat' dir='ltr'>Sequitur,</span> <span class='ocrx_word' id='word_1_193' title='bbox 442 2708 477 2767; x_wconf 92' lang='lat' dir='ltr'>ut</span> <span class='ocrx_word' id='word_1_194' title='bbox 499 2701 600 2769; x_wconf 90' lang='lat' dir='ltr'>Sidon</span> <span class='ocrx_word' id='word_1_195' title='bbox 623 2709 694 2786; x_wconf 87' lang='lat' dir='ltr'>post</span> <span class='ocrx_word' id='word_1_196' title='bbox 715 2708 867 2783; x_wconf 84' lang='lat' dir='ltr'>aestatem</span> <span class='ocrx_word' id='word_1_197' title='bbox 889 2703 965 2767; x_wconf 89' lang='lat' dir='ltr'>anni</span> <span class='ocrx_word' id='word_1_198' title='bbox 987 2702 1051 2767; x_wconf 88' lang='grc'>346</span> <span class='ocrx_word' id='word_1_199' title='bbox 1072 2702 1234 2766; x_wconf 89' lang='lat' dir='ltr'>ineuntem</span> <span class='ocrx_word' id='word_1_200' title='bbox 1256 2707 1436 2785; x_wconf 85' lang='lat' dir='ltr'>expugnata</span> <span class='ocrx_word' id='word_1_201' title='bbox 1457 2687 1506 2767; x_wconf 81' lang='lat' dir='ltr'>sit.</span> 
     </span>
    </p>

    <p class='ocr_par' dir='ltr' id='par_1_5' title="bbox 258 2794 1565 3097">
     <span class='ocr_line' id='line_1_23' title="bbox 347 2794 1565 2891; baseline -0.004 -17"><span class='ocrx_word' id='word_1_202' title='bbox 347 2807 441 2874; x_wconf 86' lang='lat' dir='ltr'>Oerte</span> <span class='ocrx_word' id='word_1_203' title='bbox 464 2804 563 2871; x_wconf 90' lang='lat' dir='ltr'>Sidon</span> <span class='ocrx_word' id='word_1_204' title='bbox 585 2811 656 2891; x_wconf 90' lang='lat' dir='ltr'>post</span> <span class='ocrx_word' id='word_1_205' title='bbox 677 2813 864 2872; x_wconf 86' lang='lat' dir='ltr'>autumnum</span> <span class='ocrx_word' id='word_1_206' title='bbox 886 2806 950 2871; x_wconf 91' lang='grc'>348</span> <span class='ocrx_word' id='word_1_207' title='bbox 973 2811 1065 2890; x_wconf 89' lang='lat' dir='ltr'>capta</span> <span class='ocrx_word' id='word_1_208' title='bbox 1087 2810 1141 2870; x_wconf 90' lang='lat' dir='ltr'>est.</span> <span class='ocrx_word' id='word_1_209' title='bbox 1187 2803 1266 2870; x_wconf 90' lang='lat' dir='ltr'>Post</span> <span class='ocrx_word' id='word_1_210' title='bbox 1280 2804 1362 2868; x_wconf 91' lang='lat' dir='ltr'>enim</span> <span class='ocrx_word' id='word_1_211' title='bbox 1378 2794 1565 2870; x_wconf 84' lang='lat' dir='ltr'>autumnum</span> 
     </span>
     <span class='ocr_line' id='line_1_24' title="bbox 258 2906 1565 2995; baseline -0.002 -19"><span class='ocrx_word' id='word_1_212' title='bbox 258 2912 351 2993; x_wconf 77' lang='lat'><strong>348⁶)</strong></span> <span class='ocrx_word' id='word_1_213' title='bbox 373 2910 525 2994; x_wconf 91' lang='lat' dir='ltr'>Periplus,</span> <span class='ocrx_word' id='word_1_214' title='bbox 547 2910 600 2993; x_wconf 93' lang='lat' dir='ltr'>qui</span> <span class='ocrx_word' id='word_1_215' title='bbox 622 2911 722 2975; x_wconf 81' lang='lat' dir='ltr'>lentur</span> <span class='ocrx_word' id='word_1_216' title='bbox 744 2909 892 2995; x_wconf 86' lang='lat' dir='ltr'>Scylacis,</span> <span class='ocrx_word' id='word_1_217' title='bbox 915 2909 1107 2992; x_wconf 87' lang='lat' dir='ltr'>conscriptus</span> <span class='ocrx_word' id='word_1_218' title='bbox 1129 2914 1185 2974; x_wconf 88' lang='lat' dir='ltr'>est.</span> <span class='ocrx_word' id='word_1_219' title='bbox 1229 2906 1301 2991; x_wconf 80' lang='lat' dir='ltr'>Quo</span> <span class='ocrx_word' id='word_1_220' title='bbox 1320 2908 1353 2972; x_wconf 91' lang='lat' dir='ltr'>iu</span> <span class='ocrx_word' id='word_1_221' title='bbox 1368 2907 1447 2974; x_wconf 91' lang='lat' dir='ltr'>libro</span> <span class='ocrx_word' id='word_1_222' title='bbox 1463 2908 1565 2976; x_wconf 90' lang='lat' dir='ltr'>Sidon</span> 
     </span>
     <span class='ocr_line' id='line_1_25' title="bbox 259 3012 1245 3097; baseline -0.004 -17"><span class='ocrx_word' id='word_1_223' title='bbox 259 3016 369 3080; x_wconf 87' lang='lat' dir='ltr'>civitas</span> <span class='ocrx_word' id='word_1_224' title='bbox 390 3012 490 3079; x_wconf 87' lang='lat' dir='ltr'>libera</span> <span class='ocrx_word' id='word_1_225' title='bbox 512 3019 641 3078; x_wconf 85' lang='lat' dir='ltr'>vocatur</span> <span class='ocrx_word' id='word_1_226' title='bbox 663 3015 792 3097; x_wconf 89' lang='lat' dir='ltr'>eiusque</span> <span class='ocrx_word' id='word_1_227' title='bbox 812 3014 992 3097; x_wconf 88' lang='lat' dir='ltr'>provinciae</span> <span class='ocrx_word' id='word_1_228' title='bbox 1015 3018 1245 3077; x_wconf 83' lang='lat' dir='ltr'>enumerantur.</span> 
     </span>
    </p>

    <p class='ocr_par' dir='ltr' id='par_1_6' title="bbox 258 3104 1567 3409">
     <span class='ocr_line' id='line_1_26' title="bbox 345 3104 1566 3198; baseline -0.001 -17"><span class='ocrx_word' id='word_1_229' title='bbox 345 3116 515 3182; x_wconf 90' lang='lat' dir='ltr'>Praeterea</span> <span class='ocrx_word' id='word_1_230' title='bbox 536 3116 686 3198; x_wconf 90' lang='lat' dir='ltr'>Phocion,</span> <span class='ocrx_word' id='word_1_231' title='bbox 719 3122 755 3181; x_wconf 88' lang='lat' dir='ltr'>ut</span> <span class='ocrx_word' id='word_1_232' title='bbox 774 3104 956 3198; x_wconf 82' lang='lat' dir='ltr'>videbimus,</span> <span class='ocrx_word' id='word_1_233' title='bbox 988 3138 1051 3181; x_wconf 95' lang='lat' dir='ltr'>non</span> <span class='ocrx_word' id='word_1_234' title='bbox 1080 3121 1154 3181; x_wconf 89' lang='lat' dir='ltr'>ante</span> <span class='ocrx_word' id='word_1_235' title='bbox 1178 3137 1297 3180; x_wconf 90' lang='lat' dir='ltr'>annum</span> <span class='ocrx_word' id='word_1_236' title='bbox 1320 3114 1382 3179; x_wconf 93' lang='grc'>347</span> <span class='ocrx_word' id='word_1_237' title='bbox 1405 3115 1566 3181; x_wconf 90' lang='lat' dir='ltr'>ineuntem</span> 
     </span>
     <span class='ocr_line' id='line_1_27' title="bbox 258 3218 1567 3305; baseline -0.001 -20"><span class='ocrx_word' id='word_1_238' title='bbox 258 3243 315 3305; x_wconf 89' lang='lat' dir='ltr'>pro</span> <span class='ocrx_word' id='word_1_239' title='bbox 336 3221 443 3286; x_wconf 89' lang='lat' dir='ltr'>Idn&#39;eo</span> <span class='ocrx_word' id='word_1_240' title='bbox 466 3226 575 3285; x_wconf 89' lang='lat' dir='ltr'>eontra</span> <span class='ocrx_word' id='word_1_241' title='bbox 598 3220 730 3305; x_wconf 80' lang='lat' dir='ltr'>Cyprios</span> <span class='ocrx_word' id='word_1_242' title='bbox 757 3220 874 3286; x_wconf 91' lang='lat' dir='ltr'>bellum</span> <span class='ocrx_word' id='word_1_243' title='bbox 903 3220 1006 3304; x_wconf 86' lang='lat' dir='ltr'>gessit.</span> <span class='ocrx_word' id='word_1_244' title='bbox 1052 3219 1203 3286; x_wconf 86' lang='lat' dir='ltr'>Sidonem</span> <span class='ocrx_word' id='word_1_245' title='bbox 1234 3223 1341 3283; x_wconf 90' lang='lat' dir='ltr'>autem</span> <span class='ocrx_word' id='word_1_246' title='bbox 1370 3218 1469 3283; x_wconf 84' lang='lat' dir='ltr'>multo</span> <span class='ocrx_word' id='word_1_247' title='bbox 1495 3224 1567 3303; x_wconf 89' lang='lat' dir='ltr'>post</span> 
     </span>
     <span class='ocr_line' id='line_1_28' title="bbox 258 3323 1402 3409; baseline -0.003 -19"><span class='ocrx_word' id='word_1_248' title='bbox 258 3324 376 3390; x_wconf 89' lang='lat' dir='ltr'>bellum</span> <span class='ocrx_word' id='word_1_249' title='bbox 400 3323 589 3409; x_wconf 82' lang='lat' dir='ltr'>Cypriacum</span> <span class='ocrx_word' id='word_1_250' title='bbox 613 3330 751 3409; x_wconf 90' lang='lat' dir='ltr'>tempore</span> <span class='ocrx_word' id='word_1_251' title='bbox 773 3325 936 3390; x_wconf 88' lang='lat' dir='ltr'>interiecto</span> <span class='ocrx_word' id='word_1_252' title='bbox 958 3329 1083 3409; x_wconf 88' lang='lat' dir='ltr'>captam</span> <span class='ocrx_word' id='word_1_253' title='bbox 1106 3344 1173 3389; x_wconf 90' lang='lat' dir='ltr'>esse</span> <span class='ocrx_word' id='word_1_254' title='bbox 1191 3327 1326 3388; x_wconf 56' lang='lat' dir='ltr'>⁴constat</span> <span class='ocrx_word' id='word_1_255' title='bbox 1400 3351 1402 3353; x_wconf 89' lang='lat'>·</span> 
     </span>
    </p>

    <p class='ocr_par' dir='ltr' id='par_1_7' title="bbox 256 3426 1567 3718">
     <span class='ocr_line' id='line_1_29' title="bbox 345 3426 1567 3511; baseline -0.002 -17"><span class='ocrx_word' id='word_1_256' title='bbox 345 3426 496 3494; x_wconf 94' lang='lat' dir='ltr'>Sidonem</span> <span class='ocrx_word' id='word_1_257' title='bbox 528 3433 601 3492; x_wconf 88' lang='lat' dir='ltr'>ante</span> <span class='ocrx_word' id='word_1_258' title='bbox 629 3450 767 3494; x_wconf 91' lang='lat' dir='ltr'>mensem</span> <span class='ocrx_word' id='word_1_259' title='bbox 802 3428 971 3495; x_wconf 91' lang='lat' dir='ltr'>Octobrem</span> <span class='ocrx_word' id='word_1_260' title='bbox 1003 3428 1079 3492; x_wconf 91' lang='lat' dir='ltr'>anni</span> <span class='ocrx_word' id='word_1_261' title='bbox 1101 3426 1164 3493; x_wconf 86' lang='lat'>345</span> <span class='ocrx_word' id='word_1_262' title='bbox 1194 3431 1407 3511; x_wconf 87' lang='lat' dir='ltr'>expugnatam</span> <span class='ocrx_word' id='word_1_263' title='bbox 1435 3447 1501 3491; x_wconf 89' lang='lat' dir='ltr'>esse</span> <span class='ocrx_word' id='word_1_264' title='bbox 1527 3448 1567 3491; x_wconf 87' lang='lat' dir='ltr'>ex</span> 
     </span>
     <span class='ocr_line' id='line_1_30' title="bbox 257 3529 1566 3615; baseline -0.002 -18"><span class='ocrx_word' id='word_1_265' title='bbox 257 3531 349 3597; x_wconf 89' lang='lat' dir='ltr'>titulo</span> <span class='ocrx_word' id='word_1_266' title='bbox 371 3531 507 3615; x_wconf 86' lang='lat' dir='ltr'>quodam</span> <span class='ocrx_word' id='word_1_267' title='bbox 531 3530 725 3615; x_wconf 88' lang='lat' dir='ltr'>Babylonico</span> <span class='ocrx_word' id='word_1_268' title='bbox 747 3537 887 3615; x_wconf 88' lang='lat' dir='ltr'>apparet,</span> <span class='ocrx_word' id='word_1_269' title='bbox 914 3553 1007 3615; x_wconf 90' lang='lat' dir='ltr'>quem</span> <span class='ocrx_word' id='word_1_270' title='bbox 1030 3553 1101 3596; x_wconf 89' lang='lat' dir='ltr'>eum</span> <span class='ocrx_word' id='word_1_271' title='bbox 1135 3552 1237 3614; x_wconf 90' lang='lat' dir='ltr'>neque</span> <span class='ocrx_word' id='word_1_272' title='bbox 1260 3529 1482 3615; x_wconf 87' lang='lat' dir='ltr'>Strassmayer,</span> <span class='ocrx_word' id='word_1_273' title='bbox 1511 3531 1566 3613; x_wconf 93' lang='lat' dir='ltr'>qui</span> 
     </span>
     <span class='ocr_line' id='line_1_31' title="bbox 256 3632 1565 3718; baseline -0.002 -19"><span class='ocrx_word' id='word_1_274' title='bbox 256 3636 492 3718; x_wconf 89' lang='lat' dir='ltr'>inscriptionem</span> <span class='ocrx_word' id='word_1_275' title='bbox 513 3634 547 3696; x_wconf 91' lang='lat' dir='ltr'>in</span> <span class='ocrx_word' id='word_1_276' title='bbox 564 3633 662 3699; x_wconf 87' lang='lat' dir='ltr'>Actes</span> <span class='ocrx_word' id='word_1_277' title='bbox 684 3634 727 3698; x_wconf 93' lang='lat' dir='ltr'>du</span> <span class='ocrx_word' id='word_1_278' title='bbox 742 3634 771 3699; x_wconf 90' lang='grc'>8.</span> <span class='ocrx_word' id='word_1_279' title='bbox 788 3640 917 3718; x_wconf 63' lang='lat' dir='ltr'>congris</span> <span class='ocrx_word' id='word_1_280' title='bbox 939 3635 994 3699; x_wconf 92' lang='lat' dir='ltr'>des</span> <span class='ocrx_word' id='word_1_281' title='bbox 1013 3633 1230 3700; x_wconf 89' lang='lat' dir='ltr'>Orientalistes</span> <span class='ocrx_word' id='word_1_282' title='bbox 1245 3632 1292 3714; x_wconf 91' lang='grc' dir='ltr'>Π,</span> <span class='ocrx_word' id='word_1_283' title='bbox 1314 3632 1443 3699; x_wconf 90' lang='lat' dir='ltr'>Section</span> <span class='ocrx_word' id='word_1_284' title='bbox 1458 3633 1486 3714; x_wconf 92' lang='lat' dir='ltr'>I,</span> <span class='ocrx_word' id='word_1_285' title='bbox 1508 3632 1565 3699; x_wconf 77' lang='lat' dir='ltr'>Se-</span> 
     </span>
    </p>
   </div>
   <div class='ocr_carea' id='block_1_3' title="bbox 250 3820 1564 4960">
    <p class='ocr_par' dir='ltr' id='par_1_8' title="bbox 346 3820 1265 3892">
     <span class='ocr_line' id='line_1_32' title="bbox 346 3820 1265 3892; baseline 0.004 -18"><span class='ocrx_word' id='word_1_286' title='bbox 346 3823 371 3892; x_wconf 87' lang='grc'>1)</span> <span class='ocrx_word' id='word_1_287' title='bbox 391 3823 425 3877; x_wconf 87' lang='lat' dir='ltr'>cl.</span> <span class='ocrx_word' id='word_1_288' title='bbox 444 3822 544 3875; x_wconf 67' lang='lat' dir='ltr'>Iseon:</span> <span class='ocrx_word' id='word_1_289' title='bbox 564 3824 779 3892; x_wconf 78' lang='grc' dir='ltr'><em>καταγελασθεὶς</em></span> <span class='ocrx_word' id='word_1_290' title='bbox 796 3826 843 3875; x_wconf 87' lang='grc' dir='ltr'><em>καὶ</em></span> <span class='ocrx_word' id='word_1_291' title='bbox 862 3821 944 3883; x_wconf 83' lang='grc' dir='ltr'><em>δόξας</em></span> <span class='ocrx_word' id='word_1_292' title='bbox 962 3820 1023 3877; x_wconf 65' lang='lat' dir='ltr'>oilae</span> <span class='ocrx_word' id='word_1_293' title='bbox 1039 3822 1193 3890; x_wconf 78' lang='grc' dir='ltr'><em>βασιλεύειν</em></span> <span class='ocrx_word' id='word_1_294' title='bbox 1210 3824 1265 3878; x_wconf 81' lang='grc' dir='ltr'><em>κτὲ.</em></span> 
     </span>
    </p>

    <p class='ocr_par' dir='ltr' id='par_1_9' title="bbox 254 3909 1564 4339">
     <span class='ocr_line' id='line_1_33' title="bbox 345 3909 1563 3983; baseline 0.003 -20"><span class='ocrx_word' id='word_1_295' title='bbox 345 3911 371 3981; x_wconf 78' lang='lat'>2)</span> <span class='ocrx_word' id='word_1_296' title='bbox 392 3909 471 3975; x_wconf 80' lang='lat' dir='ltr'>Quod</span> <span class='ocrx_word' id='word_1_297' title='bbox 491 3911 632 3965; x_wconf 85' lang='lat' dir='ltr'>Isocrates</span> <span class='ocrx_word' id='word_1_298' title='bbox 652 3928 744 3980; x_wconf 85' lang='lat' dir='ltr'>regem</span> <span class='ocrx_word' id='word_1_299' title='bbox 763 3911 857 3981; x_wconf 90' lang='lat' dir='ltr'>ipsum</span> <span class='ocrx_word' id='word_1_300' title='bbox 882 3930 1005 3967; x_wconf 90' lang='lat' dir='ltr'>summae</span> <span class='ocrx_word' id='word_1_301' title='bbox 1029 3913 1142 3982; x_wconf 88' lang='lat' dir='ltr'>imperii</span> <span class='ocrx_word' id='word_1_302' title='bbox 1166 3913 1324 3983; x_wconf 84' lang='lat' dir='ltr'>praefuisse</span> <span class='ocrx_word' id='word_1_303' title='bbox 1344 3912 1429 3977; x_wconf 90' lang='lat' dir='ltr'>dicit,</span> <span class='ocrx_word' id='word_1_304' title='bbox 1459 3914 1563 3967; x_wconf 87' lang='lat' dir='ltr'>oratio-</span> 
     </span>
     <span class='ocr_line' id='line_1_34' title="bbox 256 3998 1564 4071; baseline -0.003 -16"><span class='ocrx_word' id='word_1_305' title='bbox 256 4018 319 4055; x_wconf 89' lang='lat' dir='ltr'>nem</span> <span class='ocrx_word' id='word_1_306' title='bbox 340 4000 452 4053; x_wconf 88' lang='lat' dir='ltr'>ornavit</span> <span class='ocrx_word' id='word_1_307' title='bbox 471 4002 557 4069; x_wconf 88' lang='lat' dir='ltr'>atque</span> <span class='ocrx_word' id='word_1_308' title='bbox 577 4000 738 4053; x_wconf 89' lang='lat' dir='ltr'>illustravit</span> <span class='ocrx_word' id='word_1_309' title='bbox 756 4018 811 4055; x_wconf 91' lang='lat' dir='ltr'>non</span> <span class='ocrx_word' id='word_1_310' title='bbox 831 4001 916 4056; x_wconf 88' lang='lat' dir='ltr'>aliter</span> <span class='ocrx_word' id='word_1_311' title='bbox 935 4019 967 4055; x_wconf 90' lang='lat' dir='ltr'>ac</span> <span class='ocrx_word' id='word_1_312' title='bbox 986 4002 1192 4056; x_wconf 88' lang='lat' dir='ltr'>Demosthenes</span> <span class='ocrx_word' id='word_1_313' title='bbox 1210 4003 1261 4055; x_wconf 85' lang='lat' dir='ltr'>XV</span> <span class='ocrx_word' id='word_1_314' title='bbox 1274 4002 1308 4055; x_wconf 93' lang='lat'>11</span> <span class='ocrx_word' id='word_1_315' title='bbox 1320 4019 1375 4071; x_wconf 90' lang='lat' dir='ltr'>sq.:</span> <span class='ocrx_word' id='word_1_316' title='bbox 1396 3998 1564 4071; x_wconf 75' lang='grc' dir='ltr'><em>πράττοντος</em></span> 
     </span>
     <span class='ocr_line' id='line_1_35' title="bbox 254 4085 1563 4161; baseline -0.002 -19"><span class='ocrx_word' id='word_1_317' title='bbox 254 4091 308 4161; x_wconf 79' lang='grc' dir='ltr'><em>μὲν</em></span> <span class='ocrx_word' id='word_1_318' title='bbox 332 4089 362 4141; x_wconf 71' lang='grc' dir='ltr'>ἐν</span> <span class='ocrx_word' id='word_1_319' title='bbox 384 4085 531 4157; x_wconf 79' lang='grc' dir='ltr'><em>Αἰγύπτιοι</em></span> <span class='ocrx_word' id='word_1_320' title='bbox 556 4085 644 4141; x_wconf 70' lang='grc' dir='ltr'><em>πάνθ’</em></span> <span class='ocrx_word' id='word_1_321' title='bbox 663 4085 698 4147; x_wconf 87' lang='grc' dir='ltr'><em>ὡς</em></span> <span class='ocrx_word' id='word_1_322' title='bbox 723 4085 831 4160; x_wconf 81' lang='grc' dir='ltr'><em>ὥρμηκε</em></span> <span class='ocrx_word' id='word_1_323' title='bbox 853 4091 985 4155; x_wconf 78' lang='grc' dir='ltr'><em>βασιλέως</em></span> <span class='ocrx_word' id='word_1_324' title='bbox 1007 4130 1147 4146; x_wconf 91' lang='grc'><strong>......</strong></span> <span class='ocrx_word' id='word_1_325' title='bbox 1172 4087 1340 4160; x_wconf 81' lang='grc' dir='ltr'><em>πράττοντος</em></span> <span class='ocrx_word' id='word_1_326' title='bbox 1357 4086 1382 4141; x_wconf 62' lang='grc' dir='ltr'>δι</span> <span class='ocrx_word' id='word_1_327' title='bbox 1403 4087 1437 4147; x_wconf 84' lang='grc' dir='ltr'><em>ὡς</em></span> <span class='ocrx_word' id='word_1_328' title='bbox 1456 4090 1563 4157; x_wconf 83' lang='grc' dir='ltr'><em>λέγεται</em></span> 
     </span>
     <span class='ocr_line' id='line_1_36' title="bbox 255 4166 1562 4250; baseline 0 -19"><span class='ocrx_word' id='word_1_329' title='bbox 255 4180 302 4231; x_wconf 82' lang='grc' dir='ltr'><em>καὶ</em></span> <span class='ocrx_word' id='word_1_330' title='bbox 320 4174 537 4248; x_wconf 74' lang='grc' dir='ltr'><em>διημαρτηκότος</em></span> <span class='ocrx_word' id='word_1_331' title='bbox 555 4170 596 4236; x_wconf 87' lang='grc' dir='ltr'><em>οἷς</em></span> <span class='ocrx_word' id='word_1_332' title='bbox 614 4166 797 4247; x_wconf 72' lang='grc' dir='ltr'><em>ἐπεχείρησεν.</em></span> <span class='ocrx_word' id='word_1_333' title='bbox 833 4179 987 4234; x_wconf 88' lang='lat' dir='ltr'>Isocratem</span> <span class='ocrx_word' id='word_1_334' title='bbox 1008 4180 1100 4250; x_wconf 86' lang='lat' dir='ltr'>ipsum</span> <span class='ocrx_word' id='word_1_335' title='bbox 1121 4197 1213 4248; x_wconf 82' lang='lat' dir='ltr'>regem</span> <span class='ocrx_word' id='word_1_336' title='bbox 1233 4198 1289 4235; x_wconf 92' lang='lat' dir='ltr'>non</span> <span class='ocrx_word' id='word_1_337' title='bbox 1308 4181 1391 4234; x_wconf 90' lang='lat' dir='ltr'>rebus</span> <span class='ocrx_word' id='word_1_338' title='bbox 1404 4179 1562 4248; x_wconf 84' lang='lat' dir='ltr'>praefuisse</span> 
     </span>
     <span class='ocr_line' id='line_1_37' title="bbox 259 4264 1561 4339; baseline -0.001 -19"><span class='ocrx_word' id='word_1_339' title='bbox 259 4266 422 4334; x_wconf 75' lang='lat' dir='ltr'>cognovisse</span> <span class='ocrx_word' id='word_1_340' title='bbox 442 4281 474 4319; x_wconf 85' lang='lat' dir='ltr'>ex</span> <span class='ocrx_word' id='word_1_341' title='bbox 493 4266 641 4333; x_wconf 88' lang='lat' dir='ltr'>antithesi,</span> <span class='ocrx_word' id='word_1_342' title='bbox 661 4284 731 4337; x_wconf 90' lang='lat' dir='ltr'>quae</span> <span class='ocrx_word' id='word_1_343' title='bbox 750 4271 795 4321; x_wconf 88' lang='lat' dir='ltr'>est</span> <span class='ocrx_word' id='word_1_344' title='bbox 813 4264 894 4325; x_wconf 81' lang='grc' dir='ltr'><em>αὐτὸς</em></span> <span class='ocrx_word' id='word_1_345' title='bbox 912 4265 1100 4337; x_wconf 83' lang='grc' dir='ltr'><em>ποιησόμενος</em></span> <span class='ocrx_word' id='word_1_346' title='bbox 1119 4273 1272 4339; x_wconf 85' lang='grc' dir='ltr'><em>στρατείαν,</em></span> <span class='ocrx_word' id='word_1_347' title='bbox 1291 4285 1426 4338; x_wconf 88' lang='lat' dir='ltr'>apparere</span> <span class='ocrx_word' id='word_1_348' title='bbox 1440 4267 1561 4320; x_wconf 86' lang='lat' dir='ltr'>videtur.</span> 
     </span>
    </p>

    <p class='ocr_par' dir='ltr' id='par_1_10' title="bbox 255 4355 1560 4498">
     <span class='ocr_line' id='line_1_38' title="bbox 341 4355 1560 4427; baseline 0.001 -19"><span class='ocrx_word' id='word_1_349' title='bbox 341 4355 368 4423; x_wconf 87' lang='lat'>3)</span> <span class='ocrx_word' id='word_1_350' title='bbox 394 4372 477 4425; x_wconf 88' lang='lat' dir='ltr'>quam</span> <span class='ocrx_word' id='word_1_351' title='bbox 503 4357 738 4426; x_wconf 86' lang='lat' dir='ltr'>expugnationem</span> <span class='ocrx_word' id='word_1_352' title='bbox 767 4356 888 4410; x_wconf 86' lang='lat' dir='ltr'>Judeieh</span> <span class='ocrx_word' id='word_1_353' title='bbox 911 4375 938 4427; x_wconf 91' lang='lat' dir='ltr'>p.</span> <span class='ocrx_word' id='word_1_354' title='bbox 959 4357 1010 4411; x_wconf 88' lang='grc'>149</span> <span class='ocrx_word' id='word_1_355' title='bbox 1039 4375 1111 4412; x_wconf 92' lang='lat' dir='ltr'>anno</span> <span class='ocrx_word' id='word_1_356' title='bbox 1136 4358 1190 4413; x_wconf 87' lang='grc'>348</span> <span class='ocrx_word' id='word_1_357' title='bbox 1217 4359 1262 4413; x_wconf 86' lang='lat' dir='ltr'>vel</span> <span class='ocrx_word' id='word_1_358' title='bbox 1288 4357 1340 4412; x_wconf 86' lang='grc'>347</span> <span class='ocrx_word' id='word_1_359' title='bbox 1367 4358 1470 4411; x_wconf 88' lang='lat' dir='ltr'>factam</span> <span class='ocrx_word' id='word_1_360' title='bbox 1499 4373 1560 4410; x_wconf 89' lang='lat' dir='ltr'>esse</span> 
     </span>
     <span class='ocr_line' id='line_1_39' title="bbox 255 4444 385 4498; baseline -0.015 0"><span class='ocrx_word' id='word_1_361' title='bbox 255 4444 385 4498; x_wconf 88' lang='lat' dir='ltr'>coniecit.</span> 
     </span>
    </p>

    <p class='ocr_par' dir='ltr' id='par_1_11' title="bbox 250 4529 1561 4872">
     <span class='ocr_line' id='line_1_40' title="bbox 342 4529 1560 4604; baseline 0 -19"><span class='ocrx_word' id='word_1_362' title='bbox 342 4531 369 4601; x_wconf 88' lang='grc'>4)</span> <span class='ocrx_word' id='word_1_363' title='bbox 388 4530 422 4583; x_wconf 86' lang='grc' dir='ltr'><em>τὰ</em></span> <span class='ocrx_word' id='word_1_364' title='bbox 448 4536 541 4585; x_wconf 85' lang='grc' dir='ltr'><em>τοίνυν</em></span> <span class='ocrx_word' id='word_1_365' title='bbox 564 4535 628 4604; x_wconf 83' lang='grc' dir='ltr'><em>περὶ</em></span> <span class='ocrx_word' id='word_1_366' title='bbox 645 4529 761 4602; x_wconf 80' lang='grc' dir='ltr'><em>Κύπρον</em></span> <span class='ocrx_word' id='word_1_367' title='bbox 778 4535 825 4585; x_wconf 81' lang='grc' dir='ltr'><em>καὶ</em></span> <span class='ocrx_word' id='word_1_368' title='bbox 845 4536 980 4598; x_wconf 82' lang='grc' dir='ltr'><em>Φοινίκην</em></span> <span class='ocrx_word' id='word_1_369' title='bbox 996 4536 1040 4586; x_wconf 77' lang='grc' dir='ltr'>καὶ</span> <span class='ocrx_word' id='word_1_370' title='bbox 1060 4536 1188 4587; x_wconf 81' lang='grc' dir='ltr'><em>Κιλικίαν</em></span> <span class='ocrx_word' id='word_1_371' title='bbox 1211 4536 1258 4586; x_wconf 81' lang='grc' dir='ltr'><em>καὶ</em></span> <span class='ocrx_word' id='word_1_372' title='bbox 1275 4531 1325 4587; x_wconf 90' lang='grc' dir='ltr'>τὸν</span> <span class='ocrx_word' id='word_1_373' title='bbox 1341 4531 1430 4586; x_wconf 86' lang='grc' dir='ltr'><em>τόπον</em></span> <span class='ocrx_word' id='word_1_374' title='bbox 1447 4534 1560 4596; x_wconf 70' lang='grc' dir='ltr'><em>ἐκεῖνον,</em></span> 
     </span>
     <span class='ocr_line' id='line_1_41' title="bbox 252 4616 1560 4693; baseline 0 -20"><span class='ocrx_word' id='word_1_375' title='bbox 252 4616 322 4673; x_wconf 76' lang='grc' dir='ltr'><em>ὅθεν</em></span> <span class='ocrx_word' id='word_1_376' title='bbox 347 4621 466 4691; x_wconf 74' lang='grc' dir='ltr'><em>ἐχρῶντο</em></span> <span class='ocrx_word' id='word_1_377' title='bbox 491 4625 633 4684; x_wconf 85' lang='grc' dir='ltr'><em>ναυτικῶι,</em></span> <span class='ocrx_word' id='word_1_378' title='bbox 657 4618 718 4673; x_wconf 87' lang='grc' dir='ltr'><em>τότε</em></span> <span class='ocrx_word' id='word_1_379' title='bbox 735 4623 788 4691; x_wconf 80' lang='grc' dir='ltr'>μὲν</span> <span class='ocrx_word' id='word_1_380' title='bbox 805 4616 840 4688; x_wconf 72' lang='grc' dir='ltr'>ἦν</span> <span class='ocrx_word' id='word_1_381' title='bbox 857 4624 996 4689; x_wconf 77' lang='grc' dir='ltr'><em>βασιλέως,</em></span> <span class='ocrx_word' id='word_1_382' title='bbox 1019 4626 1069 4675; x_wconf 82' lang='grc' dir='ltr'>νῦν</span> <span class='ocrx_word' id='word_1_383' title='bbox 1088 4621 1119 4676; x_wconf 78' lang='grc' dir='ltr'>δὲ</span> <span class='ocrx_word' id='word_1_384' title='bbox 1137 4619 1242 4693; x_wconf 79' lang='grc' dir='ltr'><em>τὰμὲν</em></span> <span class='ocrx_word' id='word_1_385' title='bbox 1260 4620 1405 4693; x_wconf 82' lang='grc' dir='ltr'><em>ἀφέστηκε,</em></span> <span class='ocrx_word' id='word_1_386' title='bbox 1430 4620 1464 4673; x_wconf 80' lang='grc' dir='ltr'><em>τὰ</em></span> <span class='ocrx_word' id='word_1_387' title='bbox 1484 4620 1510 4673; x_wconf 84' lang='grc' dir='ltr'>δ’</span> <span class='ocrx_word' id='word_1_388' title='bbox 1529 4621 1560 4675; x_wconf 74' lang='grc' dir='ltr'>ἐν</span> 
     </span>
     <span class='ocr_line' id='line_1_42' title="bbox 253 4706 1561 4782; baseline 0.003 -23"><span class='ocrx_word' id='word_1_389' title='bbox 253 4710 379 4778; x_wconf 80' lang='grc' dir='ltr'><em>πολέμιοι</em></span> <span class='ocrx_word' id='word_1_390' title='bbox 397 4710 444 4759; x_wconf 80' lang='grc' dir='ltr'><em>καὶ</em></span> <span class='ocrx_word' id='word_1_391' title='bbox 462 4714 557 4769; x_wconf 80' lang='grc' dir='ltr'><em>κακοῖς</em></span> <span class='ocrx_word' id='word_1_392' title='bbox 575 4709 716 4769; x_wconf 86' lang='grc' dir='ltr'><em>τοσούτοις</em></span> <span class='ocrx_word' id='word_1_393' title='bbox 739 4711 814 4763; x_wconf 72' lang='grc' dir='ltr'><em>ἐστὶν</em></span> <span class='ocrx_word' id='word_1_394' title='bbox 832 4706 893 4762; x_wconf 45' lang='grc' dir='ltr'><em>ὥστ(</em></span> <span class='ocrx_word' id='word_1_395' title='bbox 913 4710 1019 4764; x_wconf 74' lang='grc' dir='ltr'><em>ἐκείνωι</em></span> <span class='ocrx_word' id='word_1_396' title='bbox 1035 4713 1084 4782; x_wconf 84' lang='lat' dir='ltr'>(sc.</span> <span class='ocrx_word' id='word_1_397' title='bbox 1102 4713 1217 4780; x_wconf 79' lang='grc' dir='ltr'><em>βασιλεῖ)</em></span> <span class='ocrx_word' id='word_1_398' title='bbox 1234 4712 1288 4782; x_wconf 81' lang='grc' dir='ltr'><em>μὲν</em></span> <span class='ocrx_word' id='word_1_399' title='bbox 1304 4708 1393 4781; x_wconf 79' lang='grc' dir='ltr'><em>μηδὲν</em></span> <span class='ocrx_word' id='word_1_400' title='bbox 1409 4708 1480 4763; x_wconf 73' lang='grc' dir='ltr'><em>εἶναι</em></span> <span class='ocrx_word' id='word_1_401' title='bbox 1496 4707 1561 4776; x_wconf 86' lang='grc' dir='ltr'><em>τού-</em></span> 
     </span>
     <span class='ocr_line' id='line_1_43' title="bbox 250 4796 723 4872; baseline 0.013 -25"><span class='ocrx_word' id='word_1_402' title='bbox 250 4813 307 4848; x_wconf 88' lang='grc' dir='ltr'>των</span> <span class='ocrx_word' id='word_1_403' title='bbox 324 4801 378 4848; x_wconf 80' lang='grc' dir='ltr'>τῶν</span> <span class='ocrx_word' id='word_1_404' title='bbox 397 4797 488 4848; x_wconf 73' lang='grc' dir='ltr'><em>ἐθνῶν</em></span> <span class='ocrx_word' id='word_1_405' title='bbox 503 4796 670 4872; x_wconf 81' lang='grc' dir='ltr'><em>χρήσιμον.</em></span> <span class='ocrx_word' id='word_1_406' title='bbox 690 4843 723 4856; x_wconf 89' lang='grc'>..</span> 
     </span>
    </p>

    <p class='ocr_par' dir='ltr' id='par_1_12' title="bbox 340 4883 1558 4960">
     <span class='ocr_line' id='line_1_44' title="bbox 340 4883 1558 4960; baseline 0.002 -22"><span class='ocrx_word' id='word_1_407' title='bbox 340 4884 367 4954; x_wconf 83' lang='grc'>5)</span> <span class='ocrx_word' id='word_1_408' title='bbox 387 4883 530 4954; x_wconf 82' lang='lat' dir='ltr'>Olynthus</span> <span class='ocrx_word' id='word_1_409' title='bbox 550 4890 624 4943; x_wconf 91' lang='lat' dir='ltr'>enim</span> <span class='ocrx_word' id='word_1_410' title='bbox 643 4890 711 4944; x_wconf 86' lang='lat' dir='ltr'>urbs</span> <span class='ocrx_word' id='word_1_411' title='bbox 730 4888 910 4942; x_wconf 87' lang='lat' dir='ltr'>Macedonica</span> <span class='ocrx_word' id='word_1_412' title='bbox 930 4889 946 4957; x_wconf 65' lang='grc' dir='ltr'><strong>ξ</strong></span> <span class='ocrx_word' id='word_1_413' title='bbox 965 4889 1000 4942; x_wconf 87' lang='grc'>66</span> <span class='ocrx_word' id='word_1_414' title='bbox 1019 4889 1168 4960; x_wconf 87' lang='lat' dir='ltr'>apellatur.</span> <span class='ocrx_word' id='word_1_415' title='bbox 1188 4888 1223 4942; x_wconf 87' lang='lat' dir='ltr'>cf.</span> <span class='ocrx_word' id='word_1_416' title='bbox 1236 4887 1333 4955; x_wconf 87' lang='lat' dir='ltr'>Unger</span> <span class='ocrx_word' id='word_1_417' title='bbox 1341 4886 1442 4941; x_wconf 90' lang='lat' dir='ltr'>Philol.</span> <span class='ocrx_word' id='word_1_418' title='bbox 1457 4886 1501 4955; x_wconf 82' lang='lat'>33,</span> <span class='ocrx_word' id='word_1_419' title='bbox 1514 4886 1558 4941; x_wconf 88' lang='grc'>37.</span> 
     </span>
    </p>
   </div>
   <div class='ocr_carea' id='block_1_4' title="bbox 0 0 1830 5709">
    <p class='ocr_par' dir='ltr' id='par_1_13' title="bbox 0 0 1830 5709">
     <span class='ocr_line' id='line_1_45' title="bbox 0 0 1830 5709; baseline 0 2"><span class='ocrx_word' id='word_1_420' title='bbox 0 0 1830 5709; x_wconf 95' lang='lat' dir='ltr'> </span> 
     </span>
    </p>
   </div>
  </div>
 </body>
</html>
