3650 5709
836 466 1049 530 „21-

252 644 340 712 viros
364 646 479 717 doctos
502 672 564 717 non
586 658 730 719 constare
751 654 884 721 videtur.
931 655 1031 722 Grote
1053 654 1110 719 XI
1132 655 1205 738 615,
1226 656 1247 721 4
1272 658 1444 724 orationem
1465 664 1576 724 contra

253 748 383 835 legatos
405 752 694 841 Peloponnesiacos
723 756 865 824 habitam
889 780 956 825 esse
978 764 1082 843 putat;
1114 758 1298 826 Schaeferus
1324 782 1396 826 eum
1426 762 1575 845 sequitur,

258 856 410 1025 cqncedit
431 863 539 925 temen
564 859 703 945 Philippi
728 861 850 946 legatos
879 862 1029 945 adfuisse,
1064 863 1118 947 qui
1146 862 1266 948 legatos
1294 862 1577 948 Peloponnesiacos

259 981 283 1025 a
305 960 490 1047 iuvarenu).

258 1123 262 1130 -
353 1084 395 1149 In
433 1086 536 1170 prima
573 1086 721 1155 erationis
752 1093 841 1171 parte
872 1093 978 1154 orator
1009 1088 1088 1153 dixit
1120 1109 1225 1172 regern
1258 1087 1316 1154 sibi
1345 1086 1578 1168 Thebanorum,

263 1188 471 1272 Argivorum,
493 1188 722 1255 Messeniorum
743 1192 915 1257 amicitiam
938 1193 1127 1273 conciliasse,
1149 1197 1184 1257 ut
1205 1192 1365 1258 adiutores
1385 1191 1444 1280 τῆς
1459 1186 1578 1255 ἑαυτοῦ

263 1288 465 1372 πλεονεξίας
488 1292 625 1358 haberet
671 1292 873 1378 Quamquam
888 1293 999 1361 foedus
1014 1300 1046 1360 et
1060 1294 1229 1360 amicitiam
1245 1316 1316 1359 cum
1333 1294 1478 1375 Athenis,
1499 1292 1576 1359 urbs

265 1397 417 1478 maxima,
439 1417 521 1481 quae
543 1397 623 1461 mari
644 1398 821 1481 imperaret,
851 1398 1049 1464 conciliatam
1072 1398 1207 1463 maxime
1228 1397 1287 1463 sibi
1308 1396 1454 1481 prodesse
1476 1397 1577 1478 sciret,

264 1498 372 1583 ipsum
394 1505 501 1565 temen
523 1520 629 1583 regem
650 1499 840 1567 intellexisse
861 1501 894 1566 id
918 1522 1078 1585 nunquam
1110 1500 1177 1566 fieri
1208 1520 1309 1585 posse.
1362 1500 1440 1566 Cum
1469 1504 1577 1564 autem

266 1602 485 1669 Athenienses
504 1602 640 1669 consiliis
661 1604 725 1669 suis
746 1604 962 1671 audacissimis
984 1625 1105 1689 semper
1119 1604 1280 1670 restituros
1295 1624 1361 1670 esse
1376 1603 1435 1669 sibi
1449 1624 1576 1687 persua·

264 1728 340 1772 sum
361 1712 450 1789 esset,
471 1728 543 1772 eum
565 1706 675 1773 urbem
697 1708 864 1774 delendam
886 1729 954 1773 esse
976 1707 1167 1792 intellegere.
1213 1707 1318 1792 Quam
1344 1728 1411 1772 rem
1433 1705 1577 1772 omnibus

266 1811 423 1892 consiliis,
453 1810 598 1876 omnibus
631 1811 810 1878 foederibus
841 1813 911 1877 ictis
944 1818 1085 1896 spectare
1118 1832 1225 1896 regem
1254 1810 1318 1895 (VI
1341 1812 1381 1877 18
1404 1807 1460 1876 διὰ
1484 1804 1575 1875 ταῦτ’

266 1904 430 2003 ἐγρήγορ’,
453 1911 640 2001 ἐφέστηκεν,
673 1912 733 1980 ἐπὶ
764 1917 820 2004 τῆν
849 1912 945 1981 πόλει
969 1911 1155 2002 θεραπεύει
1185 1912 1291 1995 τινὰς,
1328 1909 1493 2001 Θηβαίους
1521 1910 1578 1979 καὶ

264 2014 577 2105 Πελοποννησίους).

359 2139 445 2224 Quid
477 2140 557 2206 tales
588 2142 760 2208 sententias
793 2144 954 2226 proferens
987 2143 1046 2208 sibi
1078 2141 1235 2223 voluisset,
1272 2141 1298 2205 si
1335 2160 1460 2206 necesse
1496 2142 1579 2203 esset

266 2231 461 2330 respondere
482 2243 595 2328 legatis
617 2244 901 2329 Peloponnesiacis,
924 2248 977 2331 qui
1001 2246 1212 2312 Athenienses
1233 2244 1461 2325 incusaverunt,
1493 2241 1578 2325 quod

268 2347 524 2433 Peloponnesios,
545 2348 711 2432 quominus
732 2371 789 2434 pro
810 2350 955 2415 libertate
978 2356 1087 2416 contra
1101 2347 1368 2414 Lacedaemonios
1383 2346 1579 2425 dimicarent,

266 2447 531 2536 impedivissent?
575 2452 627 2517 Ex
649 2473 695 2535 eo,
717 2453 800 2537 quod
822 2453 1031 2520 Demostheni
1047 2452 1232 2537 Philippum
1246 2451 1316 2517 urbi
1335 2450 1496 2516 inimicum
1512 2469 1579 2514 esse

270 2555 551 2622 demonstrandum
574 2561 649 2638 erat,
671 2556 853 2641 Philippum
878 2558 963 2624 urbis
979 2558 1114 2623 amicum
1130 2558 1230 2622 visum
1245 2576 1312 2621 esse
1327 2552 1578 2620 concludendum

270 2664 329 2725 est
373 2657 464 2743 Quae
486 2681 556 2724 cum
581 2665 690 2726 contra
711 2661 832 2744 legatos
854 2661 1007 2745 quosdam
1030 2660 1177 2745 proferat,
1210 2659 1351 2743 Philippi
1377 2659 1497 2742 legatos
1523 2655 1579 2720 ad·

269 2762 370 2829 fuisse
403 2762 653 2828 concludendum
675 2769 731 2845 est,
768 2759 837 2848 qui
854 2766 1052 2830 condiciones
1081 2764 1285 2848 aequissimas
1312 2762 1436 2827 ferrent.
1487 2757 1579 2843 Quae

268 2887 322 2932 res
337 2865 538 2933 confirmatur
552 2872 572 2950 ἕ
587 2868 616 2949 6,
638 2889 700 2952 quo
713 2868 782 2934 loco
797 2868 1028 2934 Demosthenes
1044 2867 1257 2933 Athenienses
1271 2871 1371 2949 rogat,
1393 2870 1429 2930 ut
1446 2863 1580 2928 audiant

269 2971 418 3052 rationes,
445 2965 486 3036 δι’
512 2953 556 3034 ὧν
577 2967 696 3057 ἐχθρὸν
718 2965 861 3057 ἡγοῦμαι
886 2964 1073 3052 Φίλιππον,
1096 2964 1134 3035 ἵν’
1161 2964 1202 3035 dv
1227 2967 1287 3053 μὲν
1308 2963 1370 3055 e‘yui
1395 2967 1482 3034 δοκῶ
1502 2962 1579 3050 βέλ-

269 3096 341 3141 τιον
363 3073 515 3161 προορᾶν,
546 3072 621 3157 ἐμοὶ
644 3076 818 3160 πεισθῆτε,
842 3065 882 3139 dv
904 3064 935 3139 δ’
958 3071 989 3140 oi
1013 3074 1215 3162 θαρροῦντες
1233 3070 1290 3139 καὶ
1315 3067 1580 3146 πεπιστευκότες

270 3173 387 3260 αὐτῶν,
407 3174 533 3256 τούτοις
555 3183 765 3266 προσθῆσθε.
818 3179 924 3245 Erant
953 3201 1036 3263 orgo,
1070 3179 1124 3263 qui
1151 3178 1292 3244 dicerent
1314 3176 1462 3259 Philippo
1483 3174 1579 3238 fidem

269 3281 451 3348 habendam
475 3282 739 3367 conditionesque,
760 3305 838 3368 quas
860 3283 957 3367 legati
978 3282 1126 3364 tulerant,
1147 3281 1348 3367 accipiendas
1369 3300 1445 3346 esse.

359 3385 543 3470 Sequuntur
563 3406 610 3468 ea,
638 3407 720 3469 quae
748 3387 787 3451 de
817 3386 976 3470 logatione
1006 3387 1039 3451 in
1068 3386 1320 3470 Peloponnesum
1349 3384 1436 3449 iacta
1462 3381 1581 3447 Demo·

271 3488 398 3555 sthenes
420 3494 537 3554 narrat.
595 3488 680 3573 Quid
711 3490 767 3553 illa
789 3490 981 3574 digressione
1002 3490 1090 3555 iacta
1112 3489 1171 3556 sibi
1192 3489 1268 3554 velit
1293 3493 1406 3570 orator,
1437 3509 1476 3551 ex
1496 3490 1516 3568 ἕ
1538 3485 1579 3550 27

271 3598 411 3677 apparet.
450 3591 616 3675 Quomodo
628 3590 840 3658 Athenienses
854 3615 903 3659 res
918 3615 1025 3678 gerere
1040 3593 1171 3675 soleant,
1184 3592 1218 3657 id
1232 3592 1321 3676 quasi
1336 3591 1463 3675 speculo
1477 3610 1581 3673 reper-

270 3717 397 3763 cussum
420 3695 539 3760 civibus
560 3694 624 3759 suis
647 3694 793 3761 ostendit.
835 3696 910 3777 »At,
933 3696 1017 3780 quod
1030 3695 1253 3780 Peloponnesii
1275 3695 1315 3759 de
1336 3694 1477 3778 Philippi
1500 3691 1581 3758 dolis

270 3806 367 3884 atque
395 3797 528 3863 fallaciis
557 3798 703 3862 certiores
731 3798 808 3862 facti
839 3803 947 3862 tamen
977 3820 1027 3864 res
1057 3801 1140 3864 male
1170 3803 1297 3883 gerunt,
1329 3818 1393 3862 non
1419 3798 1579 3861 miramur.

270 3903 338 3969 Sed
359 3900 499 3985 intellegi
522 3922 585 3966 non
607 3906 711 3985 potest
732 3921 795 3981 ves,
817 3900 931 3984 quibus
953 3902 1084 3984 ostendi,
1106 3895 1150 3979 ὡς
1171 3894 1425 3986 ἐπιβουλεύεσθ)
1443 3889 1488 3976 ὦς
1503 3896 1580 3964 ἐπι-

268 4000 468 4085 τειχίζοσθε,
505 4005 612 4069 futuro
648 4023 712 4069 non
747 4025 872 4086 curare,
907 4004 1078 4072 dummodo
1111 4028 1196 4071 nunc
1228 4005 1340 4090 opibus
1372 4004 1510 4069 floreatis
1542 4024 1581 4067 ac

269 4108 451 4173 hunnum«

359 4210 483 4295 Quibus
513 4211 613 4278 verbis
643 4217 748 4278 orator
768 4211 810 4276 ad
833 4233 880 4293 ea,
914 4233 996 4296 quae
1029 4212 1143 4298 legatis
1174 4212 1356 4297 responderi
1384 4231 1510 4276 necesse
1532 4210 1581 4290 sit,

270 4315 392 4382 transit.
438 4314 562 4399 Opinor
590 4336 664 4400 ergo
686 4315 936 4381 Demosthenem
962 4316 1076 4401 legatis
1099 4338 1119 4381 a
1139 4316 1306 4400 Philippus
1327 4315 1430 4381 missis
1451 4334 1579 4397 respon-

270 4419 364 4501 disse,
392 4418 446 4502 qui
476 4423 542 4483 tam
569 4439 687 4504 aequas
708 4418 905 4485 condiciones
932 4419 1078 4501 tulerant,
1112 4441 1207 4504 quam
1229 4419 1339 4503 legati,
1372 4421 1481 4483 contra
1501 4437 1580 4500 quos

269 4521 474 4606 Hegesippus
497 4522 671 4589 orationem
693 4521 812 4587 habuit

359 4750 386 4815 l)
405 4750 452 4804 11²
470 4750 531 4820 355,
550 4753 575 4808 1.
614 4756 690 4812 Aber
711 4753 800 4808 daron
819 4752 868 4807 bin
885 4752 932 4807 ich
946 4753 1018 4807 auch
1031 4753 1193 4820 tibsrzeugt,
1215 4752 1269 4807 dab
1283 4751 1327 4807 die
1341 4747 1580 4807 makedonischon

269 4839 472 4907 Abgesaudten
491 4841 593 4898 keinen
614 4847 747 4903 weiteren
759 4842 883 4912 Auftrag
901 4842 1013 4911 hatten,
1032 4842 1076 4896 als
1096 4842 1146 4897 das
1161 4842 1306 4914 Begehreu
1325 4842 1374 4897 der
1388 4841 1509 4911 Argiver
1521 4838 1580 4893 und

267 4927 423 4983 Messenios
442 4946 475 4982 nu
495 4933 706 4995 unterstiitzen.
