3650 5709
905 1415 1044 1497 Vlta

396 1614 503 1682 Natus
543 1638 612 1682 sum
644 1616 805 1684 Carolus
831 1617 1055 1682 Fridericus
1092 1616 1253 1684 Curtius
1284 1614 1575 1700 Stavenhagen
1604 1613 1637 1679 in

311 1715 469 1784 Ouroniae
491 1719 650 1803 oppidulo,
679 1720 764 1804 quod
791 1727 840 1787 est
865 1720 1022 1802 Tuckum,
1053 1741 1137 1786 anno
1157 1717 1531 1787 MDOOOLXXXIV
1555 1715 1636 1783 acl

309 1817 409 1886 VIII.
430 1821 507 1887 Kal.
528 1823 605 1889 Jan.
626 1829 716 1907 patre
739 1823 862 1905 Oarolo,
885 1830 987 1889 matre
1008 1823 1100 1890 Julia
1121 1846 1138 1889 e
1161 1829 1256 1908 gente
1274 1823 1411 1889 Worms
1460 1821 1556 1888 Fidei
1580 1820 1635 1887 ad·

309 1921 413 1991 dictus
435 1947 505 1991 sum
528 1925 744 2011 euangelioae.

394 2026 510 2095 Primis
532 2029 644 2095 litteris
666 2029 819 2096 Mitaviae
842 2035 873 2095 et
889 2029 992 2114 Rigas
1014 2031 1047 2094 in
1069 2029 1194 2096 scholiis
1216 2029 1346 2114 privatis
1366 2029 1532 2095 imbutum
1549 2023 1634 2092 ludis

310 2126 620 2198 Germano-Baiticis
655 2133 863 2217 pessumdatis
899 2139 992 2217 pater
1026 2155 1077 2198 me
1115 2154 1187 2199 vere
1225 2131 1371 2199 MOMII
1407 2128 1632 2212 Brunsvigam

180 2241 185 2258 ¹
309 2231 420 2299 emisit
485 2234 538 2299 Ibi
577 2236 705 2319 egregia
744 2236 963 2302 benevolentia
999 2236 1127 2302 rectoris
1168 2235 1307 2301 Dauberi
1339 2235 1634 2319 magistrorumque

308 2331 427 2401 factum
449 2342 505 2416 est,
536 2343 573 2402 ut
601 2340 808 2423 gymnasium,
836 2339 922 2422 quod
953 2360 1037 2403 nunc
1065 2338 1281 2405 Guilelmeum
1302 2336 1491 2422 appellatur,
1525 2333 1632 2402 absol·

309 2457 422 2503 verem.
486 2441 652 2506 Autumno
695 2440 860 2509 MOMIII
898 2441 1089 2507 maturitatis
1129 2441 1309 2507 testimonio
1344 2441 1521 2506 instructus
1558 2457 1632 2504 vera

309 2538 471 2611 MOMIV
487 2541 676 2628 Gottingam
691 2566 742 2610 me
757 2546 882 2611 contuli.
922 2545 1173 2610 Docuerrurtme
1188 2545 1246 2609 viri
1260 2543 1445 2609 doctissimi:
1468 2540 1632 2623 Brandi‚

308 2642 464 2726 Busolt,
493 2645 655 2732 Dilthey
676 2649 709 2732 †,
737 2647 944 2728 Kielhorn,
975 2647 1021 2712 Μ.
1049 2647 1257 2729 Lehmann,
1289 2646 1383 2728 heo,
1412 2644 1451 2712 Ia
1480 2643 1632 2730 Meyer,

308 2744 440 2829 Pfuhl,
476 2749 516 2814 E.
553 2748 763 2833 Schwartz,
799 2751 964 2833 Viertel,
1009 2750 1308 2836 Wackernagel,
1351 2747 1631 2816 Wellhausen.

310 2847 479 2916 seminarii
500 2852 733 2940 philologorum·
751 2876 808 2938 per
829 2855 890 2921 tria
912 2855 1075 2921 semestris
1096 2854 1140 2920 sui
1155 2853 1280 2935 sodalis,
1303 2874 1436 2938 quorum
1452 2872 1514 2938 per
1527 2873 1632 2918 unum

309 2953 419 3019 senior.
463 2953 519 3019 Ad
541 2957 779 3023 exercitationes
799 2956 1006 3042 philologicas
1030 2964 1063 3023 et
1083 2957 1306 3042 grammaticas
1332 2953 1632 3040 Wackernagel,

309 3055 351 3120 ad
371 3054 534 3123 historicas
556 3058 693 3124 Busolt
714 3065 746 3125 et
768 3059 876 3127 Steiu
898 3061 1033 3146 henigne
1055 3082 1105 3126 me
1127 3060 1331 3126 admiserunt.

396 3157 520 3243 Quibus
540 3162 613 3227 rin's
635 3161 735 3228 doctis
756 3163 900 3230 omnihus
922 3186 980 3230 nec
1003 3185 1067 3230 nou
1088 3164 1208 3245 ceteris,
1229 3163 1284 3247 qui
1306 3160 1418 3227 studiis
1432 3160 1517 3226 meis
1542 3159 1631 3225 fave·

310 3260 397 3341 bant,
418 3263 537 3347 gratias
559 3285 620 3348 ago
642 3286 738 3349 quam
760 3267 922 3333 maximas.
973 3267 1132 3351 Imprimis
1157 3287 1209 3332 me
1238 3265 1297 3332 sibi
1319 3263 1536 3331 devinxerunt
1559 3283 1633 3329 oum

310 3361 387 3429 Leo
416 3370 449 3429 et
478 3365 759 3453 Wackernagel
788 3375 856 3436 tum
887 3369 1097 3452 Schwartz,
1133 3370 1187 3454 qui
1214 3370 1274 3437 hoc
1298 3369 1333 3435 in
1355 3367 1514 3454 opusculo
1537 3365 1634 3451 perli-

312 3465 423 3532 ciendo
445 3469 562 3552 optime
585 3469 662 3535 mihi
684 3473 848 3538 consuluit.
