3650 5709
742 462 955 528 ..32-

194 657 290 721 etiam
314 652 423 739 Cyprii
444 657 478 717 et
498 649 673 717 Phoenices
694 670 715 713 a
730 648 834 715 Persis
857 648 1034 727 deficerent,
1056 670 1112 715 rex
1132 654 1258 715 strenoe
1279 649 1312 714 in
1327 645 1510 733 Aegyptios

196 778 292 842 agore
313 756 423 840 coepit
466 752 506 818 In
531 752 670 838 Cyprum
686 750 792 816 Idn‘ea
807 772 879 816 cnm
894 752 1033 817 exercitu
1046 752 1139 817 misit
1181 752 1255 835 Ipse
1276 756 1348 836 post
1369 751 1507 835 primam

193 861 271 926 anni
291 860 356 925 346
384 862 508 943 partem
540 854 625 921 bello
656 859 767 939 parato
788 856 821 918 in
843 854 1049 920 Phoeniciam
1070 856 1228 940 profectus
1250 860 1305 931 est
1335 860 1505 938 postquam

193 964 324 1048 Belmys
345 967 378 1027 et
390 960 543 1026 Mazaeus
565 980 585 1024 a
606 957 716 1024 Tenue
737 979 811 1042 rege
825 956 973 1024 Mentem
995 958 1163 1024 adiuvante
1185 980 1224 1024 ex
1237 957 1414 1023 Phoenicia
1434 976 1505 1039 pro-

192 1066 309 1151 pulsati
331 1070 413 1131 sunt
456 1062 508 1127 Ex
529 1061 703 1127 Phoenicia
723 1082 779 1127 rex
800 1060 930 1145 legatos,
951 1061 1006 1145 qui
1027 1061 1145 1127 auxilia
1165 1066 1317 1146 peterent,
1344 1061 1379 1124 in
1403 1058 1505 1125 Grae-

193 1172 275 1236 ciam
297 1168 381 1234 misit
396 1166 518 1251 (346)1).
546 1164 772 1230 Laedaemonii
794 1170 827 1230 et
839 1164 1052 1231 Athenienses
1066 1164 1184 1230 auxilia
1198 1164 1321 1229 mittere
1343 1168 1377 1228 et
1391 1161 1504 1229 foedus

192 1276 275 1339 icere
295 1273 526 1351 recusaverunt,
556 1269 616 1334 sibi
637 1274 743 1334 autem
765 1290 836 1333 oum
857 1289 932 1353 rege
954 1268 1125 1333 amicitiam
1150 1267 1215 1334 fore
1237 1268 1394 1333 dixerunt.
1453 1264 1503 1329 De

192 1376 316 1442 auxiliis
348 1372 509 1439 mittendis
539 1373 748 1456 societateque
769 1372 909 1438 ineunda
939 1393 996 1456 per
1017 1370 1149 1456 longius,
1178 1393 1273 1455 quam
1297 1392 1337 1435 ex
1360 1368 1502 1435 Diodoro

193 1485 332 1565 apparet,
352 1476 501 1561 temporis
522 1476 657 1559 spatium
680 1480 785 1541 actum
807 1496 875 1542 esse
907 1475 1038 1541 videtur.
1092 1474 1156 1540 His
1190 1476 1274 1540 enim
1308 1472 1501 1557 temporibus

193 1585 290 1649 etiam
313 1580 559 1646 Atheniensium
580 1579 701 1663 legatos
723 1579 808 1663 apud
831 1600 937 1663 regern
958 1578 1055 1645 fuisse
1076 1582 1234 1660 coustat2),
1264 1599 1398 1661 qnorum
1421 1598 1500 1641 unus

193 1686 363 1751 Aeschinis
392 1684 489 1749 frater
519 1688 596 1748 natu
619 1683 720 1748 minor
742 1682 931 1767 Aphobetus
952 1689 1028 1749 erat
1081 1683 1154 1766 345,
1174 1689 1212 1748 ut
1232 1682 1366 1765 videtur,
1401 1680 1498 1748 Sidon

192 1793 373 1874 expugnata
395 1792 428 1853 et
449 1808 533 1852 anno
554 1786 618 1852 344
639 1792 773 1851 exeunte
794 1786 961 1872 Aegyptus
990 1786 1122 1853 subacta
1143 1792 1200 1852 est
1256 1785 1346 1869 Quas
1380 1785 1424 1849 ad
1453 1807 1498 1851 res

191 1894 237 1957 ita
259 1892 425 1976 dispositas
445 1891 562 1974 optime
577 1911 624 1971 ea,
645 1911 726 1973 quae
740 1912 825 1955 nunc
846 1890 931 1974 apud
947 1889 1170 1956 Philochorum
1192 1890 1309 1974 scripta
1330 1889 1497 1973 legimus),

192 1996 356 2079 quadrant
409 1995 506 2059 Anno
540 1993 624 2058 enim
653 1993 748 2076 34413
771 1992 899 2079 Lycisco
921 2015 1074 2078 eponymo
1102 1994 1220 2078 legatio
1248 1994 1331 2077 regis
1352 1992 1497 2059 Athenas

192 2099 341 2182 pervenit
385 2096 495 2163 Ochus
510 2098 591 2161 enim
609 2098 759 2182 Aegypto
772 2095 904 2161 subacta
919 2096 1033 2162 Asiam
1048 2097 1210 2177 minorem,
1231 2117 1327 2181 quam
1342 2117 1496 2178 vocamus,

191 2202 359 2286 praecipue
376 2200 544 2265 Hermiam
565 2201 599 2264 in
620 2205 806 2285 potestatem
829 2221 919 2265 suam
941 2200 1082 2284 redigere
1104 2199 1163 2266 sibi
1183 2200 1347 2285 proposuit
1368 2220 1496 2283 eamque

192 2306 318 2370 obrem
340 2304 518 2371 Mentorem
541 2304 574 2368 in
597 2304 709 2369 Asiam
733 2304 825 2369 misit.
867 2303 986 2369 Metuit
1007 2309 1123 2386 tamen,
1145 2326 1185 2370 ne
1207 2304 1422 2370 Athenienses
1441 2303 1494 2367 sibi

191 2428 288 2493 prope
309 2408 402 2473 urbes
417 2407 558 2474 Graecas
580 2407 697 2473 bellum
720 2407 839 2491 gerenti
861 2405 1063 2473 difficultates
1085 2405 1239 2473 afferrent.
1285 2406 1494 2491 Quamobrem

192 2512 362 2576 amicitiam
385 2532 456 2576 cum
478 2511 517 2577 iis
537 2511 668 2594 iungere
683 2516 814 2576 conatus
836 2515 891 2579 est.
935 2511 1148 2577 Athenienses
1163 2511 1289 2595 quidem
1306 2531 1391 2575 anno
1404 2509 1493 2592 344)3

191 2614 341 2696 timuisse,
367 2636 406 2679 ne
427 2636 483 2679 rex
504 2614 598 2679 urbes
621 2614 762 2680 Graecas
791 2614 825 2678 in
847 2614 929 2679 Asia
950 2615 1027 2680 sitas
1049 2614 1280 2699 aggrederetur,
1306 2635 1346 2679 ex
1377 2635 1414 2680 eo
1445 2636 1493 2697 ap

141 2770 147 2780 .
190 2722 289 2800 paret,
312 2717 396 2800 quod
420 2718 503 2799 regis
535 2717 649 2801 legatis
675 2717 918 2802 responderunt:
954 2717 1118 2801 διαμενεῖν
1138 2717 1270 2802 βασιλεῖ
1298 2712 1357 2805 τήν
1379 2714 1494 2803 φιλίαν,

192 2817 249 2884 ἐὰν
270 2815 317 2907 μὴ
337 2815 491 2904 βασιλεῦς
519 2816 578 2884 ἐπὶ
611 2813 671 2898 τὰς
688 2814 879 2909 Ἑλληνίδας
899 2816 950 2909 ῗηι
981 2813 1110 2901 πόλεις.
1154 2823 1252 2886 Αιιιιο
1273 2821 1337 2885 343
1366 2826 1493 2886 exeunte

192 2922 342 2989 Hermias
364 2929 474 3007 captus
495 2929 551 2989 est

470 3315 510 3384 V.
544 3316 596 3383 lle
619 3312 781 3398 Philippi
804 3316 957 3399 epistula
980 3314 1094 3400 (Bem.
1118 3316 1222 3402 XII).

277 3500 392 3566 Tribus
407 3502 599 3584 argumentis
614 3500 840 3585 Schaeferus4),
860 3505 897 3567 ut
918 3502 1086 3586 epistulam
1108 3502 1258 3587 Philippi,
1280 3524 1362 3587 quae
1383 3504 1416 3567 in
1433 3501 1495 3566 De-

192 3604 457 3670 mosthenicarum
484 3605 661 3670 orationum
682 3625 809 3689 corpore
831 3605 948 3671 tradita
970 3612 1026 3687 est,
1058 3626 1120 3671 non
1144 3607 1314 3690 genuinam
1347 3627 1414 3671 esse
1445 3605 1495 3670 de·

192 3713 352 3789 monstret,
373 3729 447 3772 usus
468 3712 523 3774 est
568 3707 710 3774 Primum
732 3710 918 3775 sententiam
940 3708 1096 3792 Jacobiu)
1118 3715 1242 3775 secutus
1265 3710 1320 3793 §9
1344 3708 1495 3776 Sitaloam

193 3833 249 3895 pro
272 3811 371 3896 Cotye
393 3812 637 3893 commemorari,
674 3834 746 3878 cum
774 3811 927 3878 Sitalcam
964 3832 1027 3876 nou
1057 3812 1257 3894 trucidatum,
1291 3811 1348 3877 sed
1379 3811 1497 3895 proeho

193 3919 302 3980 contra
323 3912 481 3977 Triballos
512 3914 598 3979 facto
631 3920 777 3980 necatum
807 3936 874 3981 esse
908 3919 1009 3998 putat
1064 3912 1192 3999 Optime
1220 3920 1327 3980 tamen
1358 3914 1498 4002 Philippi

190 4017 286 4083 verba
309 4016 351 4081 ad
373 4015 506 4100 (lotyem
527 4017 720 4102 quadrare⁶).
765 4018 885 4085 Contra
908 4039 947 4083 ea
967 4019 1031 4082 iam
1053 4016 1251 4099 Boehnehe⁷)
1274 4018 1382 4084 attulit
1402 4018 1500 4084 schol.

191 4120 233 4185 ad
262 4120 321 4185 Ar.
345 4118 428 4184 Ach.
450 4141 478 4183 v.
503 4119 581 4202 145,
617 4142 679 4204 qno
710 4119 863 4187 Sitalcam
894 4143 913 4186 a
942 4120 1091 4205 Philippo
1120 4127 1399 4187 commemoratum
1436 4143 1499 4187 non

191 4224 326 4289 eundem
350 4243 417 4288 esse
439 4221 642 4289 ecSitaloam
657 4223 895 4310 Thucydideum
919 4225 1158 4291 demonstratur.
1202 4224 1285 4290 Tum
1309 4224 1502 4292 Schaeferus

191 4327 268 4391 dicit
288 4347 352 4391 non
373 4325 415 4391 ad
437 4324 532 4391 fidem
553 4326 701 4393 historiae
723 4328 878 4411 pertinere
892 4328 987 4395 verba
1000 4328 1149 4413 Philippi,
1171 4350 1253 4411 quae
1275 4333 1402 4395 exstant
1424 4329 1502 4413 §22

279 4553 306 4624 1)
326 4555 409 4610 Diod.
428 4556 472 4624 16,
489 4556 534 4624 44,
553 4559 645 4628 lsqq.

278 4644 305 4714 2)
323 4645 423 4699 Aesch.
443 4646 480 4712 11,
500 4645 552 4700 149
580 4647 658 4702 Dem.
677 4646 751 4713 XIX,
779 4644 832 4701 237
851 4648 881 4700 et
898 4644 959 4701 249.
1007 4645 1118 4717 Optime
1145 4645 1181 4700 ad
1199 4645 1354 4714 legationis
1374 4648 1504 4718 tempus,

192 4732 264 4802 quod
284 4732 414 4800 diximus,
433 4751 476 4802 ee,
502 4752 574 4805 quae
594 4734 759 4791 Schaeferns
780 4735 813 4788 de
831 4735 980 4806 Aphobeto
999 4736 1096 4804 legato
1114 4735 1224 4789 invenit
1242 4735 1265 4803 1,
1283 4735 1344 4803 198,
1364 4737 1504 4806 quadrat.

278 4822 305 4891 3)
324 4823 389 4877 Did.
404 4823 431 4889 8,
442 4823 476 4878 18
493 4841 554 4895 sqq.
626 4825 653 4893 4)
671 4825 723 4888 ΠΙ,
742 4824 773 4878 Β.
793 4824 845 4877 112
856 4842 916 4895 sqq.
990 4823 1017 4893 5)
1036 4824 1116 4879 Dem.
1136 4824 1321 4879 Staatsreden
1340 4842 1368 4894 p.
1390 4823 1447 4879 419
1459 4844 1506 4897 sq.

279 4910 305 4980 6)
323 4911 410 4965 Thuc.
429 4911 477 4978 IV,
488 4911 549 4966 101.
639 4913 665 4978 7)
685 4913 719 4967 of.
738 4913 818 4966 Dem.
837 4912 956 4982 Arist.§
975 4911 1036 4966 118.
