3650 5709
875 417 1085 492 ..ομ

653 736 707 808 Π.
740 738 791 805 lle
814 736 1064 808 Demosthenis
1085 737 1247 808 oratione
1269 735 1317 806 X.

414 926 471 991 An
492 921 714 990 Demosthenis
736 925 836 988 oratio
858 922 895 987 X
916 923 1054 1006 genuina
1076 924 1118 988 sit
1144 945 1251 1004 necne,
1285 924 1484 1008 grammatici
1516 926 1639 988 certant

329 1037 362 1097 et
390 1028 493 1095 adhuc
525 1027 582 1093 sub
614 1027 713 1092 iudice
735 1026 774 1090 lis
795 1031 851 1091 est
906 1025 1011 1111 Quam
1033 1026 1075 1092 ad
1095 1048 1162 1092 rem
1183 1027 1423 1111 perquirendam
1452 1027 1637 1111 priusquam

330 1134 522 1213 accedamus,
544 1151 605 1214 quo
626 1135 773 1214 tempore,
806 1131 832 1194 si
853 1132 992 1213 genuina
1013 1131 1062 1212 sit,
1091 1132 1278 1214 scriptasit,
1307 1151 1455 1214 quaerere
1477 1130 1550 1195 usui
1571 1148 1638 1193 esse

330 1238 458 1303 videtur.
503 1233 577 1318 Qua
598 1234 631 1297 in
652 1232 863 1317 disputatione
895 1235 922 1298 si
945 1240 1104 1317 appareat,
1137 1239 1269 1317 tempus,
1298 1255 1360 1317 quo
1392 1234 1493 1299 oratio
1526 1231 1635 1296 habita

329 1346 384 1421 est,
419 1338 520 1419 certis,
554 1342 590 1402 ut
620 1337 666 1400 ita
696 1336 807 1418 dicam,
840 1337 930 1415 lineis
963 1336 1171 1402 circumscribi
1202 1343 1296 1420 atque
1317 1336 1518 1402 determinari
1540 1356 1638 1420 posse,

329 1462 478 1527 magnum
499 1440 694 1506 auctoritatis
717 1441 759 1503 sit
779 1439 937 1505 iudicium.
981 1439 1061 1524 Quis
1083 1441 1167 1505 enim
1189 1440 1297 1505 credat
1316 1439 1481 1505 falsarium
1502 1441 1551 1504 ita
1571 1459 1638 1504 ora·

329 1548 447 1611 tionem
467 1544 665 1625 confinxisse,
687 1550 724 1608 ut
744 1549 831 1609 certa
851 1543 988 1627 quadam
1010 1544 1060 1609 die
1082 1543 1192 1609 habita
1213 1564 1280 1609 esse
1302 1539 1469 1609 videatur?

414 1649 500 1714 Miro
522 1647 658 1731 quodam
679 1646 771 1711 modo
787 1646 968 1729 Koertius1)
990 1668 1089 1730 nuper
1109 1668 1176 1712 rem
1196 1648 1406 1731 pertrectavit.
1444 1645 1638 1711 Testimonio

330 1753 501 1838 Dionysii2)
523 1750 643 1816 abieoto
664 1751 836 1814 orationem
863 1771 935 1815 vere
963 1752 1038 1815 anni
1060 1753 1121 1815 341
1146 1751 1294 1834 scriptam
1323 1771 1391 1815 esse
1412 1754 1512 1834 putat
1558 1746 1639 1815 Ourn

331 1857 568 1939 Theopompum
589 1852 756 1918 Hermiam
783 1853 825 1918 ad
846 1852 1015 1919 Persarum
1044 1874 1150 1937 regem
1172 1853 1342 1919 abductum
1371 1874 1439 1919 esse
1460 1853 1541 1919 libro
1562 1854 1639 1935 46⁸),

330 1960 447 2025 bellum
483 1956 662 2023 Threicium
693 1978 714 2020 a
744 1955 891 2040 Philippo
913 1963 1036 2039 gestum
1069 1957 1101 2021 11.
1129 1959 1256 2022 46-50
1295 1959 1469 2022 narravisse
1509 1961 1639 2036 constet,

331 2064 420 2128 initio
447 2060 521 2125 belli
543 2059 680 2125 Threicii
690 2058 856 2124 Hermiam
878 2081 899 2124 a
920 2062 1054 2144 satrapis
1075 2067 1202 2145 captum
1224 2081 1292 2126 esse
1314 2082 1370 2126 suo
1392 2062 1458 2126 iure
1473 2060 1638 2126 concludit

332 2165 425 2251 Quod
447 2169 552 2229 autem
574 2163 650 2228 dicit
671 2161 788 2227 bellum
809 2185 830 2227 a
850 2162 998 2247 Philippo
1020 2164 1170 2229 342-40
1191 2169 1315 2247 gestum
1335 2186 1467 2248 eamque
1499 2164 1541 2229 ob
1574 2184 1639 2229 rem

331 2269 503 2335 orationem
525 2267 628 2348 34271,
651 2266 799 2349 scriptam
829 2287 905 2346 esse,
937 2268 1124 2332 sententiam
1146 2266 1285 2332 eiusdem
1319 2269 1524 2351 grammatici,
1552 2268 1639 2333 cuius

331 2372 543 2439 testimonium
565 2368 728 2450 abiecerat,
751 2370 898 2452 sequitur.
944 2369 1027 2436 Cum
1049 2372 1133 2434 enim
1155 2370 1233 2436 illud
1253 2370 1371 2436 bellum
1392 2372 1425 2434 in
1448 2369 1640 2436 orationibus

332 2474 422 2545 VIII
448 2479 481 2539 et
507 2472 565 2538 IX
587 2479 851 2554 commemoretur,
878 2494 957 2556 quas
979 2473 1149 2538 secundum
1177 2472 1366 2559 Dionysium
1395 2494 1478 2539 anno
1500 2476 1561 2539 341
1586 2472 1639 2538 ha-

333 2579 415 2644 bitas
447 2598 515 2643 esse
539 2572 729 2642 Schaeierus
761 2577 880 2657 statuit,
913 2574 1029 2642 bellum
1051 2597 1135 2642 anno
1156 2579 1218 2641 342
1249 2579 1401 2643 exemisse
1424 2577 1640 2659 Schaeierus‘)

334 2687 433 2766 putat

421 2782 1642 2868 FundamentumdisputationisorationibusVIHetIXpertractatisieeimus

336 2888 470 2956 Constat
483 2889 568 2953 enim
578 2887 750 2952 orationem
759 2885 797 2950 X
807 2885 949 2951 habitam
959 2908 1035 2967 esse,
1046 2892 1212 2970 postquam
1221 2886 1387 2972 Philippus
1393 2887 1561 2954 Oardianis
1571 2887 1641 2954 sub

334 2993 414 3060 sidia
423 2993 544 3075 misiu).
567 2990 794 3055 Testimonium
806 3010 870 3054 non
881 3011 920 3054 ex
930 2990 1070 3059 oratione
1081 2989 1171 3058 VIII
1181 2989 1380 3075 desumptum
1392 2989 1573 3074 exstatX§
1587 2992 1642 3055 18:

335 3095 535 3183 Καρδιανοῖς
548 3088 693 3181 ἐβοήθει.
726 3093 835 3158 Etiam
846 3094 1082 3177 eiusepistulae,
1096 3115 1177 3178 quae
1193 3095 1225 3158 in
1239 3094 1432 3161 orationibus
1441 3093 1532 3163 VIII
1543 3091 1644 3160 etIX

336 3203 602 3278 commemoratum,
625 3198 657 3260 in
669 3197 807 3261 oratione
820 3195 858 3260 X
873 3197 991 3262 mentio
1005 3196 1061 3262 fit:
1084 3196 1122 3261 X
1136 3200 1176 3262 65
1193 3227 1228 3255 .-.
1243 3198 1333 3266 VIII
1355 3200 1396 3263 64
1410 3192 1560 3284 Καρδίαν
1581 3192 1646 3278 ἔχει

336 3301 392 3368 καὶ
416 3292 582 3386 ὁμολογεῖ.
627 3298 709 3366 Oum
732 3301 751 3382 §
774 3302 815 3365 52
837 3299 966 3365 foedera
986 3322 1058 3366 cum
1079 3300 1208 3385 Argivis
1237 3308 1270 3367 et
1290 3300 1469 3367 Arcadibus
1490 3302 1563 3366 icta
1577 3320 1646 3366 esse

336 3410 503 3490 negetur⁶),
524 3405 624 3469 oratio
637 3424 708 3468 vere
731 3405 793 3467 342
817 3402 926 3468 eodem
947 3402 1015 3468 fere
1036 3409 1175 3488 tempore
1196 3411 1290 3488 atque
1317 3406 1474 3470 orationes
1494 3402 1590 3472 vnn
1611 3408 1647 3467 et

337 3508 394 3574 IX
416 3509 532 3591 scripta
552 3512 609 3573 est
653 3506 816 3587 Miramur,
846 3505 930 3590 quod
951 3507 1033 3571 inter
1061 3508 1202 3574 civitates
1223 3507 1472 3573 Atheniensibus
1499 3507 1646 3572 inimicas

338 3610 579 3677 Lacedaemonii
613 3614 851 3689 enumerantur,
881 3628 959 3692 quos
980 3609 1042 3674 illis
1071 3610 1263 3694 temporibus
1295 3633 1366 3676 cum
1398 3609 1649 3675 Atheniensibus

337 3714 463 3780 foedere
485 3713 666 3778 coniunctos
688 3732 755 3777 esse
777 3716 909 3776 constat
961 3710 1126 3795 Quomodo
1155 3734 1205 3779 res
1236 3714 1423 3799 explicanda
1445 3714 1494 3794 sit,
1516 3735 1556 3779 ex
1579 3712 1649 3778 Iso

338 3818 431 3884 oratis
452 3815 679 3882 Panathenaioi
709 3816 728 3897 ξ
753 3817 813 3879 159
841 3822 987 3899 apparet:
1021 3808 1116 3903 ἡμεῖς
1148 3814 1185 3882 δὲ
1205 3815 1262 3883 καὶ
1286 3817 1500 3902 Σπαρτιᾶται
1521 3838 1651 3899 συμμα-

426 3993 453 4062 1)
470 3992 546 4047 Mus.
565 3990 656 4046 Rhen.
674 3990 710 4045 60
728 4007 756 4061 p.
774 3989 880 4061 388sq.
987 3988 1291 4060 2)adAmm.1,10.

426 4081 454 4151 3)
470 4080 537 4135 Did.
556 4079 608 4134 col.
626 4079 652 4146 4,
672 4078 715 4132 66.
844 4078 872 4148 4)
890 4079 938 4133 11¹
955 4078 1018 4134 442.

426 4168 454 4239 b)
472 4170 497 4223 X
515 4168 551 4223 60
572 4192 599 4216 =
620 4167 691 4222 VIII
708 4167 743 4223 58
771 4171 821 4220 νῦν
838 4170 878 4226 εἰς
894 4165 1023 4237 Καρδίαν
1041 4170 1176 4239 πέπομφε
1203 4164 1350 4235 βοήθειαν,Ι
1378 4169 1403 4222 Χ
1422 4168 1457 4222 68
1479 4191 1506 4215 =
1530 4167 1596 4221 Vlll
1615 4165 1652 4222 66

338 4256 389 4324 τὴν
405 4257 571 4329 Καρδιανῶν
587 4252 682 4327 χώραν
700 4252 916 4328 ἀπεστερηκότος
936 4258 1091 4312 Φιλίππου.

427 4347 454 4414 6)
473 4347 569 4401 ἔπειτα
596 4348 766 4417 προστασίαι
792 4347 892 4398 πολλαὶ
919 4347 966 4397 καὶ
994 4343 1174 4416 πανταχόθεν
1191 4349 1343 4418 γίγνονται,
1371 4348 1485 4398 καὶτοῦ
1503 4341 1654 4415 πρωτεύειν

341 4432 548 4489 ἀντιποιοῦνται
567 4434 622 4506 μὲν
639 4428 748 4497 πάντες,
766 4431 906 4504 ἀφεστᾶσι
924 4432 1042 4505 δ’ἔργωι,
1065 4436 1113 4487 καὶ
1131 4438 1273 4507 φθονοῦσι
1297 4436 1344 4487 καὶ
1362 4432 1531 4487 ἀπιστοῦσιν
1548 4428 1654 4500 αὐτοῖς,

341 4521 393 4594 οὐχ
411 4515 453 4583 οἷς
469 4521 536 4587 ἔδει,
563 4525 610 4575 καὶ
635 4519 768 4594 γεγόνασι
784 4519 849 4575 καθ’
869 4519 967 4582 αὐτοὺς
985 4522 1104 4589 ἕκασται,
1127 4522 1252 4595 Ἀργεῖοι,
1272 4526 1395 4590 Θηβαῖοι,
1421 4518 1657 4592 Λακεδαιμόνιοι,

340 4607 647 4684 Κορίνθιοι,Ἄρκαδες,
665 4608 753 4683 ἡμεῖς·
804 4610 880 4666 Fieri
908 4614 1015 4682 potest,
1043 4616 1077 4667 ut
1103 4612 1294 4668 Athenienses
1323 4630 1385 4666 cum
1403 4609 1657 4682 Megalopolitanis

343 4704 373 4756 et
390 4700 521 4768 Achaeis,
541 4702 589 4772 qui
610 4701 696 4755 schol.
717 4700 817 4754 Aesch.
837 4700 864 4767 3,
883 4700 919 4755 83
947 4697 1037 4771 neque
1063 4705 1158 4756 tamen
1186 4702 1240 4756 hoc
1264 4700 1324 4755 loco
1348 4703 1550 4755 enumerantur
1569 4700 1658 4770 paulo

344 4794 495 4861 antequam
513 4790 717 4845 Demosthenes
737 4789 892 4845 orationem
907 4790 1034 4860 scripsit,
1052 4790 1164 4844 foedera
1184 4790 1406 4845 conciliaverint.
1456 4789 1511 4844 Sed
1530 4790 1659 4845 tortasse

346 4896 412 4933 casn
433 4879 529 4933 omissi
549 4881 626 4946 sunt,
645 4883 679 4933 ut
698 4878 841 4933 Messenii.
