3650 5709
810 498 1022 563 ‚33-

255 674 427 760 πολλάκις
460 682 522 770 γὰρ
555 682 636 767 ἐμοῦ
668 680 844 770 γράφοντος
875 678 908 747 ἐν
938 687 1012 763 ταῖς
1046 679 1242 762 ἐπιστολαῖς
1272 678 1358 771 ὑπὲρ
1389 677 1491 772 αὐτῆς
1511 686 1565 768 (sc.

250 776 508 872 Ἀμφιπόλεως)
530 782 703 873 ἐγνωκότες
725 782 863 864 δικαίως
884 781 967 868 ἐχειν
993 777 1080 875 ἡμᾶς
1102 836 1232 853 .....
1237 794 1268 851 ¹.
1312 779 1386 853 τότε
1407 785 1466 870 μὲν
1488 811 1566 852 ποι-

256 884 418 977 ησίμενοι
447 886 505 979 τὴν
533 884 660 979 εἰρήνην
686 884 814 971 ἔχοντος
842 886 922 972 &poi
951 888 1010 978 τὴν
1036 886 1146 970 πόλιν,
1172 878 1271 956 adera
1301 886 1485 972 συμμαχίαν
1506 883 1567 953 tal

256 995 333 1070 ταῖς
355 987 472 1071 αὐταῖς
493 987 692 1080 ὁμολογίαις.
747 993 871 1059 Jisdem
904 994 986 1059 enim
1010 994 1201 1079 temporibus
1230 1000 1262 1059 et
1283 1014 1394 1077 pacem
1417 996 1449 1058 et
1470 993 1567 1057 socie-

256 1101 357 1163 tatem
379 1097 577 1163 conciliatam
599 1118 675 1162 esse.
727 1097 776 1161 At
807 1119 863 1163 suo
895 1098 963 1163 iure
985 1098 1157 1163 Boehneke
1180 1098 1360 1182 opposuisse
1392 1095 1566 1179 videtne:

257 1199 326 1265 fieri
359 1222 424 1266 non
456 1201 565 1286 potuit,
596 1205 632 1265 ut
653 1199 759 1266 rhetor
779 1200 917 1285 quidam,
951 1203 1006 1286 qui
1032 1224 1071 1267 ex
1093 1200 1315 1267 Demosthenis
1338 1199 1568 1282 Aeschinisque

258 1305 452 1370 orationibus
473 1303 646 1386 hauriebat,
681 1325 748 1369 rem
769 1304 815 1369 ita
836 1311 950 1387 narret,
981 1310 1017 1370 ut
1038 1304 1211 1389 Philippus.
1255 1304 1438 1389 Philippum
1462 1308 1567 1369 autem

259 1432 323 1474 nou
344 1430 507 1493 perperam
528 1408 611 1473 inter
630 1429 742 1493 pacem
765 1412 797 1473 et
817 1409 999 1473 societatem
1022 1408 1207 1474 distinxisse.
1262 1407 1348 1473 Nam
1370 1429 1442 1472 cum
1464 1405 1566 1471 Athe-

258 1514 382 1579 nienses
416 1513 550 1595 primum
582 1510 703 1595 legatos
735 1512 821 1595 pacis
855 1511 1070 1578 conciliandae
1102 1532 1197 1577 causa
1230 1511 1272 1576 ad
1301 1533 1371 1576 eum
1402 1511 1567 1591 misissent,
1620 1532 1622 1536 ·

258 1638 330 1682 enm
353 1636 485 1700 negasse
507 1619 629 1680 constat
649 1636 682 1680 se
704 1614 743 1679 de
765 1636 843 1698 pace
865 1620 1008 1680 acturum
1033 1636 1109 1697 esse,
1130 1615 1190 1681 nisi
1204 1612 1407 1698 Amphipolis
1428 1613 1486 1679 sub
1508 1634 1567 1678 sua

257 1724 413 1803 potestate
448 1720 668 1803 remaneret3),
700 1718 784 1801 quod
811 1718 907 1803 legati
930 1718 1174 1784 Atheniensium
1203 1723 1430 1799 concesserunt,
1464 1717 1510 1781 ita
1531 1721 1568 1781 ut

258 1844 321 1907 pax
344 1821 503 1887 conciliari
524 1826 637 1906 posset.
691 1820 765 1886 Non
795 1841 832 1887 eo
854 1827 1005 1906 tempore,
1038 1821 1092 1887 sed
1126 1827 1236 1907 postea
1257 1819 1396 1886 Athenis
1418 1821 1501 1903 regis
1522 1820 1566 1885 le·

259 1926 325 2011 gati
345 1926 591 2011 postulaverunt,
617 1931 653 1990 ut
674 1925 769 1990 etiam
792 1925 973 1991 societatem
997 1925 1210 1991 Athenienses
1233 1947 1305 1991 cum
1327 1923 1475 2008 Philippo
1507 1923 1566 1987 ini-

257 2035 335 2095 rent.
381 2029 594 2114 Quamobrem
616 2050 672 2094 rex
692 2029 747 2111 ita,
777 2034 814 2094 ut
842 2028 886 2112 fit,
916 2051 966 2096 res
988 2052 1135 2096 enarrare
1166 2030 1268 2114 potuit
1291 2029 1386 2113 idque
1414 2049 1476 2092 nou
1499 2028 1567 2093 sine

257 2139 343 2199 certa
365 2154 461 2199 causa
482 2132 567 2198 fecit:
590 2133 636 2197 ita
658 2133 741 2197 enim
764 2132 886 2199 duabus
906 2133 1104 2217 pactionibus
1121 2134 1325 2199 constitutum
1346 2131 1469 2197 videtur
1490 2151 1567 2211 esse,

257 2243 293 2303 ut
307 2235 509 2321 Amphipolis
530 2236 563 2300 in
578 2235 718 2320 Philippi
740 2241 895 2321 potestate
917 2242 1101 2303 remaneret
1145 2237 1196 2302 De
1218 2237 1319 2318 tertie,
1341 2235 1423 2320 quod
1448 2233 1565 2301 Sohae-

256 2339 340 2407 ferus
362 2362 401 2405 ex
422 2339 646 2406 Demosthenis
675 2340 825 2407 orationis
854 2340 894 2407 de
924 2361 1038 2407 corona
1069 2345 1088 2423 ξ
1110 2341 1152 2406 79
1163 2363 1207 2424 sq.
1230 2342 1358 2424 profert,
1380 2343 1565 2423 argumento

257 2444 342 2509 infra
363 2443 454 2509 nobis
476 2442 645 2509 dicendum
668 2448 723 2509 est.

342 2547 456 2613 Altera
478 2569 517 2612 ex
537 2552 627 2631 parte
653 2546 754 2612 multa
782 2553 863 2628 sunt,
897 2547 1010 2631 quibus
1031 2549 1198 2632 epistulam
1231 2548 1400 2632 genuinam
1422 2567 1490 2613 esse
1511 2545 1566 2610 de·

256 2657 455 2718 monstretur.
499 2650 667 2717 Simillima
688 2650 772 2715 enim
794 2656 842 2716 est
863 2650 1026 2735 epistulae,
1062 2651 1102 2717 de
1131 2674 1194 2736 qua
1216 2652 1418 2736 Hegesippus
1438 2651 1472 2715 in
1494 2670 1567 2714 ora-

256 2754 342 2819 tione
364 2754 402 2818 de
425 2753 611 2819 Halonneso
634 2754 708 2838 agit,
742 2754 775 2817 in
807 2775 869 2837 qua
891 2759 1121 2837 argumentaa
1149 2776 1223 2838 rege
1245 2753 1354 2819 eodem
1379 2753 1471 2818 modo
1493 2773 1566 2836 pro-

255 2857 323 2922 lata
344 2861 459 2938 sunt4).
503 2856 630 2922 Deinde
651 2856 770 2922 multae
791 2878 841 2923 res
863 2857 924 2922 hac
946 2862 1070 2922 tantum
1093 2858 1228 2942 epistula
1249 2857 1385 2922 traditae
1406 2863 1487 2938 sunt,
1519 2855 1566 2920 ita

257 2969 293 3028 ut
321 2983 384 3027 non
415 2961 577 3043 miremur,
609 2960 694 3046 quod
727 2960 818 3026 multi
850 2962 907 3026 viri
939 2962 1022 3027 docti
1034 2963 1058 3046 ⁵)
1086 2982 1157 3027 eam
1187 2983 1296 3026 revera
1325 2959 1465 3045 Philippi
1496 2980 1565 3024 esse

257 3072 453 3131 censuerunt.
501 3064 613 3149 Nuper
636 3064 821 3130 Wendland
834 3067 866 3147 ⁶),
893 3065 947 3149 qui
977 3065 1107 3131 ultimus
1129 3065 1211 3130 hanc
1233 3086 1300 3129 rem
1327 3064 1483 3146 tractavit,
1513 3063 1566 3127 fir-

257 3170 412 3252 missimis,
433 3176 469 3235 ut
491 3169 621 3251 videtur,
644 3170 837 3254 argumentis
858 3168 1082 3235 demonstravit
1112 3170 1147 3234 in
1169 3190 1296 3253 corpore
1320 3168 1566 3235 Demosthenico

256 3297 365 3340 revera
400 3273 566 3358 epistulam
597 3272 745 3357 Philippi,
777 3273 953 3339 elocutione
987 3279 1094 3339 tamen
1134 3272 1174 3338 ab
1203 3273 1405 3337 Anaximene
1434 3278 1566 3368 mutata,

255 3379 404 3444 traditam
428 3398 503 3444 esse.
547 3376 670 3442 Tamen
692 3376 836 3460 equidem
864 3377 982 3459 dubito,
1013 3399 1054 3442 an
1077 3376 1253 3461 epistulam,
1281 3397 1377 3460 quam
1406 3397 1461 3441 rex
1483 3397 1567 3441 anno

256 3483 373 3565 340l39
397 3480 542 3546 Athenas
563 3480 654 3561 misit,
676 3480 822 3546 manibus
844 3486 1019 3546 teneamus.

343 3586 396 3650 Ex
424 3583 565 3648 oratione
599 3582 638 3647 de
669 3603 784 3649 corona
816 3586 855 3667 ἐξ
878 3584 920 3649 76
942 3590 975 3649 et
996 3585 1038 3648 79
1065 3588 1196 3667 apparet
1226 3581 1407 3668 Philippum
1438 3583 1472 3648 in
1502 3585 1567 3668 epi·

256 3690 339 3757 stula
381 3687 523 3752 inimicos
552 3685 766 3751 Athenienses
797 3708 861 3752 uno
895 3687 1109 3753 Demosthene
1150 3687 1263 3752 omisso
1296 3708 1566 3753 commemorasse.

258 3793 340 3860 oum
362 3792 396 3855 in
417 3788 551 3873 epistula
585 3788 675 3854 nobis
705 3789 822 3854 tradita
844 3789 909 3855 tale
931 3789 1007 3874 quid
1035 3789 1256 3871 desideremus,
1288 3788 1479 3857 Schaeferus
1501 3793 1566 3875 epi-

257 3894 372 3961 stulam
394 3913 457 3958 non
480 3891 649 3976 genuinam
671 3896 753 3957 esset
775 3898 888 3958 censet.
936 3892 1056 3959 Contra
1079 3914 1118 3958 ea
1141 3892 1358 3977 Wendlandl)
1387 3894 1476 3960 dicit:
1510 3894 1567 3959 der

257 3996 421 4062 Redaktor
441 3994 499 4061 hat
521 3993 587 4061 sich
609 4016 670 4061 von
701 3996 810 4061 seinen
832 3995 931 4061 durch
952 3996 1110 4062 Isocrates
1140 3996 1227 4061 stark
1255 3996 1468 4063 beeinflullten
1489 3997 1566 4064 stili-

255 4098 393 4167 stischen
415 4098 481 4165 und
503 4097 717 4165 rhetorischen
738 4098 930 4183 Neignngen
952 4123 991 4164 zu
1012 4096 1221 4184 Anderungen
1245 4100 1431 4167 bestimmen
1453 4100 1567 4183 lassen,

257 4203 334 4268 aber
356 4201 436 4268 auch
460 4201 560 4268 durch
589 4202 639 4268 ein
668 4201 841 4269 sachliches
862 4204 1031 4286 Interesse,
1061 4205 1118 4269 das
1141 4203 1276 4271 Streben
1305 4203 1362 4269 der
1383 4204 1567 4288 Milderung

255 4307 324 4372 und
346 4306 559 4391 Versbhnung
581 4307 637 4372 der
659 4306 866 4391 Gegens‘sttze.
909 4309 982 4374 Ans
1005 4309 1122 4374 diesem
1142 4307 1274 4374 Streben
1296 4308 1414 4373 erklltrt
1435 4330 1468 4374 es
1491 4309 1567 4392 sich,

257 4410 321 4475 dau
343 4412 387 4475 im
409 4410 519 4477 Briele
541 4411 592 4479 die
614 4409 777 4496 Nonnung
804 4412 859 4478 des
881 4413 1101 4479 Aristomedes
1134 4416 1238 4498 (quem
1261 4435 1281 4479 a
1302 4412 1449 4498 Philippo
1482 4435 1566 4479 com-

256 4520 463 4581 memoratum
497 4538 566 4585 esse
596 4515 728 4601 Didymi
756 4516 934 4582 testimonio
967 4517 1036 4599 (col.
1059 4517 1089 4600 9,
1110 4517 1153 4581 44
1167 4519 1222 4601 sq.)
1253 4522 1384 4598 constat)
1416 4517 1482 4584 uud
1511 4518 1567 4581 der

345 4688 370 4757 1)
387 4692 450 4758 post
467 4685 543 4760 ἡμᾶς
562 4700 694 4755 lacunam
713 4691 851 4746 indicavit
869 4692 951 4746 Weil.
1068 4694 1095 4762 2)
1113 4694 1134 4749 l.
1153 4711 1178 4748 c.
1198 4711 1226 4764 p.
1246 4692 1307 4749 578.

342 4776 369 4844 3)
388 4777 419 4829 cf.
438 4776 578 4851 Scha0f01
599 4782 649 4846 11⁹,
670 4780 729 4849 205,
748 4780 860 4848 Beloeh,
879 4781 1011 4835 Attische
1029 4782 1137 4837 Politik
1156 4782 1212 4837 seit
1229 4782 1365 4849 Perikles,
1384 4798 1412 4852 p.
1432 4781 1494 4836 191.

340 4863 365 4929 4)
384 4864 414 4916 cf.
434 4864 514 4945 Weil,
540 4882 717 4944 Harangues
736 4888 762 4941 p.
784 4867 844 4925 402.
882 4870 966 4925 Blass
986 4870 1057 4936 111²,
1077 4871 1101 4937 1,
1121 4889 1147 4941 p.
1166 4871 1271 4941 39bsq.

337 4952 362 5022 5)
379 4952 452 5010 Blass
470 4958 491 5022 l,
523 5002 561 5049 e,
583 4961 661 5023 Weil
679 4962 698 5014 l.
718 4977 740 5015 c.
848 4959 874 5028 6)
894 4960 1012 5016 Hermes
1030 4960 1075 5024 39,
1093 4958 1146 5016 431
1157 4978 1219 5039 sqq.
1326 4959 1352 5028 7)
1373 4977 1400 5032 p.
1419 4957 1482 5013 434.
