3650 5709
807 486 996 550 ,3.-

256 676 460 743 ostenderunt
480 676 514 740 in
535 673 692 741 codicibus
706 675 848 758 vulgatis,
870 675 924 758 qui
937 676 1095 752 vocantur,
1116 676 1238 736 exstm
1252 671 1391 735 formam
1413 689 1487 733 cum
1508 668 1557 733 illa

253 780 392 847 codicum
414 778 472 843 EI>
494 799 587 863 saepe
609 779 815 843 commixtam.
852 776 1074 862 Quaerendum
1089 781 1195 840 autem
1209 779 1265 855 est,
1286 780 1395 839 utrum
1410 772 1556 837 orationis

252 890 382 967 utraque
403 884 506 948 forma
527 881 774 948 aDemosthene
795 881 880 947 edita
901 882 944 947 sit
963 900 1070 961 necne,
1100 879 1148 943 sin
1168 879 1280 959 minus,
1301 898 1399 962 quarn
1424 874 1556 940 formam

254 992 359 1053 orator
378 986 493 1071 publici
514 986 589 1051 imis
610 985 729 1051 secent.

337 1089 473 1155 Weilius
495 1109 615 1155 summo
637 1110 708 1154 cum
730 1090 854 1173 ingenio
875 1087 955 1153 duas
978 1089 997 1170 ᾗ
1020 1088 1062 1151 46
1083 1085 1199 1150 formas
1220 1086 1266 1150 ita
1287 1083 1438 1149 seiunxit:

336 1182 376 1259 ori
398 1185 458 1280 γὰρ
480 1183 584 1272 οὕτως
605 1195 658 1278 (so.
681 1183 727 1270 ὦς
747 1186 779 1257 oi
800 1187 971 1279 πρόγονοι)
993 1183 1083 1272 ἔχεθ’
1108 1185 1201 1271 ὑμεῖς
1222 1178 1299 1253 ob'se
1319 1178 1407 1274 πρὸς
1428 1181 1473 1249 τὰ
1496 1206 1556 1249 τοι·

253 1301 335 1363 αὕτα
356 1287 430 1363 ob'rr
452 1293 543 1383 πρὸς
565 1288 678 1361 adsta.
718 1290 823 1361 ’Λλλὰ
844 1296 935 1373 noim

289 1390 365 1466 'lor’
403 1392 497 1465 αὐτοί
520 1422 527 1437 ·
549 1395 584 1465 τί
616 1392 676 1487 γάρ
707 1399 758 1465 δεῖ
790 1396 872 1485 περὶ
980 1390 1070 1462 εἴπω
1106 1391 1265 1475 κελεύετε,
1297 1390 1355 1459 καὶ
1380 1386 1443 1457 οὐκ
1472 1382 1556 1476 ὀργι-

253 1496 385 1567 πάντων
407 1493 499 1587 ὑμῶν
526 1506 733 1591 κατηγορεῖνς
764 1526 871 1589 παρα·
937 1502 1048 1578 alode,-

254 1604 302 1670 πλ
324 1602 385 1672 oio)
436 1604 472 1672 δὲ
513 1604 570 1672 καὶ
632 1600 706 1671 riddo
765 1602 873 1671 ἔτιον

253 1629 347 1790 dudio
361 1630 509 1788 ἅιςταντες
521 1704 553 1775 οἱ
568 1630 684 1776 rohos
700 1606 872 1797 ‘'Elltbvrg.
938 1667 1441 1814 ΠξζΩΤΕῬΕΙΓΡΑΜΜΑΤΕΙΟΥ
1461 1661 1557 1717 ἈΜ

254 1802 370 1899 διόπερ
382 1807 571 1901 φήμ’ἔγωγε
583 1809 639 1877 καὶ
655 1812 805 1901 σπουδῆς
816 1811 873 1878 καὶ
1150 1798 1157 1813 ’

255 1913 384 2002 πολλῆς
398 1914 515 2000 βουλῆς
525 1908 657 2004 ἀγαθῆς
667 1917 708 1980 τά
725 1911 874 2004 παρόντα

256 2007 435 2103 πράγματα
456 2017 700 2105 προσδεῖσθαι.
724 2015 851 2107 [rhoffi]

338 2137 459 2204 Tamen
490 2142 670 2222 recensioni,
697 2163 778 2225 quae
809 2141 915 2207 codice
939 2145 968 2205 Σ
985 2141 1103 2208 tradita
1132 2146 1189 2222 est
1219 2140 1356 2203 maxima
1385 2136 1558 2203 difficultas

253 2240 342 2304 inest
379 2238 477 2305 Nullo
499 2243 583 2306 enim
598 2243 691 2309 modo
712 2244 781 2309 fieri
805 2250 917 2328 potest,
938 2251 975 2312 ut
987 2243 1218 2310 Demosthenes
1238 2244 1351 2307 litteris
1372 2242 1423 2305 vel
1445 2238 1558 2303 tabulis

253 2342 438 2424 quibusdam
458 2346 602 2428 perlectis
622 2346 663 2411 ad
684 2368 751 2412 rem
771 2349 865 2431 plane
895 2369 1009 2413 novam
1030 2348 1189 2429 deflectat,
1219 2347 1279 2410 nisi
1300 2346 1413 2410 litteris
1442 2344 1494 2408 vel
1515 2348 1558 2407 ta·

254 2444 335 2510 bulis
356 2447 525 2531 explicatis,
547 2451 607 2514 nisi
626 2452 761 2516 transitu
775 2452 879 2535 aliquo
894 2452 987 2517 modo
1001 2452 1095 2517 facto.
1140 2450 1239 2517 Cuius
1259 2451 1305 2515 rei
1320 2451 1353 2513 in
1368 2444 1559 2513 orationibus

254 2547 505 2615 Demosthenicis
540 2553 700 2635 perpolitis
722 2560 816 2637 atque
848 2555 941 2620 editis
972 2576 1012 2619 ne
1042 2576 1141 2619 unum
1169 2552 1294 2636 quidem
1317 2550 1496 2634 exemplum
1517 2550 1559 2611 in·

255 2652 369 2715 venias.
413 2653 461 2719 Ut
480 2659 693 2739 quaestionem
714 2659 844 2739 solvant
872 2664 904 2723 et
925 2658 1069 2723 Blassius
1090 2662 1123 2722 et
1143 2656 1279 2721 Weilius
1301 2655 1340 2719 ad
1362 2654 1493 2718 ultimas
1515 2674 1560 2716 ra·

254 2755 355 2820 tiones
386 2758 579 2841 confugiunt
634 2760 804 2846 Blassius1)
842 2761 1038 2831 Voemelium
1070 2766 1194 2826 secutus
1226 2758 1335 2838 verba,
1373 2778 1455 2841 quae
1489 2762 1561 2821 sunt

255 2852 344 2925 εἴπω
365 2856 509 2927 uotae
530 2858 605 2943 suh,
640 2865 754 2930 ironice
791 2866 876 2931 diota
907 2886 975 2930 esse
1012 2870 1099 2929 ratus
1131 2865 1246 2928 lemma
1273 2863 1388 2945 optime
1410 2860 1561 2925 haditum

254 2963 346 3029 delet
390 2964 526 3031 Weilius
546 2967 629 3033 hanc
649 2970 807 3052 excogitat
827 2970 1023 3050 rationem²):

340 3068 510 3135 Entweder
540 3093 604 3135 war
633 3093 667 3137 es
698 3073 754 3138 des
775 3072 1006 3137 Demosthenes
1027 3070 1171 3151 Absioht,
1204 3070 1255 3135 die
1291 3070 1324 3132 in
1356 3068 1417 3133 den
1449 3068 1562 3133 beiden

256 3172 365 3237 basten
386 3172 637 3239 Handschritten
666 3176 864 3259 vorliegonde
885 3174 1031 3258 Fassung
1067 3173 1165 3240 durch
1196 3175 1265 3238 eine
1297 3172 1496 3255 Erdrtenmg
1526 3194 1563 3236 zu

256 3275 547 3359 vervollsttindigen,
575 3278 626 3343 die
648 3300 682 3343 er
702 3279 790 3344 nicht
810 3277 1118 3362 niedergesohrieben
1139 3277 1204 3358 hat,
1236 3276 1311 3342 oder
1332 3297 1366 3342 er
1387 3276 1491 3340 wollta
1512 3275 1564 3340 fiir

257 3378 343 3443 diese
365 3377 510 3463 Fassung
531 3381 582 3446 die
606 3384 645 3465 ἐξ
661 3385 700 3447 47
710 3382 749 3448 ff.
771 3383 941 3466 ausgetilgt
962 3383 1073 3446 wissen
1094 3380 1159 3446 und
1179 3380 1283 3444 hinter
1305 3372 1364 3443 οὗκ
1379 3372 1565 3463 sicyoniam,-

257 3481 394 3564 sogleioh
414 3484 473 3548 mit
495 3484 556 3549 den
577 3484 712 3550 Wortnn
736 3488 755 3569 ξ
778 3488 819 3549 54
839 3485 1034 3550 fortfahren:
1070 3479 1129 3561 Εἰς
1160 3485 1258 3549 τοῦτο
1280 3474 1405 3568 ἀφῖχθε
1426 3475 1564 3565 μωρίας.

258 3584 298 3649 In
320 3584 432 3651 beiden
453 3587 566 3652 F'stllen
588 3594 714 3654 miissen
735 3591 791 3654 wir
813 3589 997 3671 armehmen,
1029 3587 1092 3653 dall
1127 3587 1207 3652 auch
1229 3587 1300 3653 dem
1322 3584 1488 3651 Sohmiber
1510 3584 1566 3649 des

258 3688 459 3775 Archetypus
480 3711 541 3755 von
563 3691 620 3755 ΣΕ
642 3694 693 3757 ein
714 3693 886 3777 Exemplar
906 3693 1022 3775 vorlag,
1044 3713 1086 3755 an
1108 3691 1219 3757 dessen
1233 3689 1347 3755 Raude
1369 3687 1566 3754 bedeutende

258 3791 433 3860 Varianten
464 3795 659 3861 verzoichuet
691 3818 802 3861 waren.
856 3796 1023 3862 Wdhrend
1054 3817 1089 3860 er
1110 3794 1184 3860 aber
1204 3792 1399 3877 gewbhnlich
1421 3812 1481 3855 nur
1503 3791 1568 3856 den

259 3899 292 3961 in
313 3897 374 3962 den
395 3897 578 3962 Kolumnen
601 3899 802 3965 cnthaltenen
835 3899 1092 3984 urspri'mglichen
1115 3897 1198 3962 Text
1219 3895 1401 3978 wiedergab‚
1432 3894 1510 3959 muli
1533 3916 1569 3957 er

258 4000 326 4064 hier
357 4001 618 4067 ausnahmsweise
650 4008 728 4068 statt
757 4004 857 4069 dieses
879 4002 996 4067 Textes
1028 4002 1079 4068 die
1100 3999 1427 4081 Randoemerkmgen
1455 3996 1569 4080 ausge·
1602 4074 1603 4085 χ

260 4124 404 4169 nommen
425 4104 536 4170 haben.

344 4208 501 4293 Equidem
521 4215 695 4294 utramque,
728 4232 823 4294 quam
854 4211 913 4275 init
945 4210 992 4273 vir
1012 4208 1218 4287 doctissimus,
1250 4207 1403 4272 rationem
1425 4223 1569 4287 compro·

260 4312 334 4378 bare
366 4334 430 4378 non
460 4334 594 4398 possum.
643 4313 723 4399 Quis
755 4315 839 4378 enirn
873 4313 981 4379 credat
1012 4334 1092 4393 eum,
1125 4312 1177 4396 qui
1202 4310 1343 4375 codicum
1373 4308 1430 4372 ΣΕ
1460 4308 1570 4373 arche·

261 4421 371 4500 typum
400 4419 590 4502 conscripsit,
622 4440 693 4482 cum
726 4417 845 4482 multae
871 4418 899 4481 ei
922 4416 1139 4481 adnotationes
1174 4415 1208 4479 in
1238 4415 1379 4497 margine
1413 4413 1572 4496 ascriptae

261 4526 385 4604 praesto
407 4527 519 4603 essent,
538 4543 578 4586 ne
599 4543 696 4586 unam
714 4520 840 4604 quidem
860 4520 1013 4603 recepisse
1035 4519 1095 4582 nisi
1116 4518 1176 4582 hoo
1197 4538 1259 4582 uno
1274 4513 1367 4582 loco?
1396 4514 1573 4579 Praeterea

263 4648 283 4689 a
303 4624 421 4690 Weilio
450 4626 592 4709 quaestio
627 4645 690 4689 non
720 4624 823 4689 soluta
856 4628 913 4688 est.
957 4621 1071 4689 Verbis
1101 4623 1192 4702 enim,
1225 4641 1305 4703 quae
1327 4623 1453 4683 exstant
1476 4621 1496 4701 ἓ
1520 4621 1572 4698 54,

262 4751 361 4813 neque
397 4728 522 4794 tabulas
557 4729 696 4813 prolatas
718 4726 956 4808 3Demosthenes
980 4723 1243 4808 interpretatatur
1270 4742 1370 4806 neque
1391 4722 1574 4801 transitum

265 4874 490 4885 ——-———

227 4960 230 4967 ·
351 4945 378 5016 1)
396 4963 424 5018 p.
442 4943 503 5008 187.
609 4942 638 5013 2)
655 4942 675 5002 l.
694 4958 716 4995 o.
736 4958 763 5022 p.
780 4938 844 5000 540.
