3650 5709
738 481 947 547 ..38-

202 662 243 731 τὰ
265 659 558 754 ίνἛλίησπόιπωι
571 671 602 751 ¹),
624 664 814 755 Διοπείθης
834 661 943 734 ἀδικεῖ
964 660 1117 752 κατάγων
1140 659 1183 732 τὰ
1207 667 1318 732 πλοῖα
1328 671 1361 744 ·),
1391 664 1488 750 uilla
1571 713 1606 753 3.

202 768 389 854 πολιορκεῖν
409 768 484 849 τούς
498 762 654 859 Ἕλληνας
674 766 866 856 ἐκδίδωσι).
909 771 1065 840 Videmus
1095 793 1194 836 unam
1218 791 1259 836 ex
1279 771 1388 837 multis
1409 770 1489 840 fuine
1571 847 1575 854 ,
1603 802 1605 840 t

202 871 464 954 exprobrationem
479 875 732 955 adversariorum,
753 897 833 959 quae
847 875 987 959 Philippi
1009 874 1146 959 epistula
1168 874 1342 956 nitebatur,
1361 897 1404 940 se
1422 879 1488 944 Δισ
1572 908 1576 959 g

202 969 327 1062 πείθην
348 975 564 1063 πεποιηκέναι
585 975 641 1043 τὸν
662 974 817 1060 πόλεμον.
861 976 936 1044 Νοιι
958 983 1033 1058 tam,
1062 983 1099 1042 ut
1121 998 1170 1058 ea,
1197 998 1281 1061 quae
1303 999 1360 1042 rex
1380 978 1488 1048 incusa-
1572 1021 1581 1061 ,—

201 1082 299 1157 verat,
328 1078 491 1161 refelleret,
524 1102 618 1164 quam
647 1087 684 1146 ut
710 1081 878 1147 tumultum
912 1081 953 1146 ab
985 1080 1174 1146 adversariis
1202 1080 1325 1147 civitati
1353 1081 1487 1151 iniectum
1577 1100 1606 1122 ’-

201 1179 328 1262 sederet,
348 1180 574 1249 Demosthenes
595 1183 734 1249 libellum
756 1184 937 1269 composuit.
981 1184 1071 1249 Dicit
1092 1189 1220 1249 tantum
1242 1183 1365 1262 abeme,
1390 1189 1427 1250 ut
1444 1188 1487 1253 sd·
1573 1253 1576 1268 λ

200 1283 336 1363 versarii,
366 1285 441 1368 quid
473 1286 596 1352 scelesti
624 1287 791 1371 Diopithes
823 1288 1024 1367 commiserit,
1057 1293 1183 1368 curent,
1215 1293 1253 1352 ut
1283 1309 1343 1371 per
1374 1310 1486 1358 oausam
1573 1332 1578 1372 3

200 1383 354 1469 Diopithis
381 1388 533 1454 multandi
562 1390 730 1456 exereitum
759 1390 919 1455 dimittant
941 1389 1152 1474 Philippoque
1180 1390 1366 1456 heultatem
1395 1392 1486 1460 reiiu
1575 1455 1577 1461 .

199 1485 333 1554 Thracio
362 1496 393 1556 et
427 1491 621 1558 Chersoneso
652 1493 731 1558 bene
764 1493 919 1577 gerendae
959 1493 1080 1575 dentt).
1146 1493 1217 1559 Nos
1250 1499 1359 1559 autem
1393 1516 1487 1564 revera
1574 1551 1580 1578 ,

198 1589 333 1657 libellum
362 1615 460 1678 neque
482 1596 652 1661 orationem
680 1596 713 1660 in
741 1596 884 1662 manibus
912 1596 1029 1662 babere
1058 1596 1108 1662 vel
1138 1618 1178 1662 ex
1206 1596 1322 1662 ultima
1351 1598 1486 1668 unedonis
1604 1615 1605 1619 ’

198 1700 286 1777 parte
317 1696 469 1764 discimus.
511 1698 610 1764 Nullo
640 1700 722 1764 enim
757 1701 849 1766 modo
880 1700 948 1766 fieri
975 1700 1092 1784 potuit,
1125 1705 1162 1765 ut
1191 1699 1426 1767 Demosthenes
1449 1709 1486 1771 tot
1597 1719 1606 1730 '

197 1798 297 1865 verbis
325 1801 426 1883 (tertia
447 1803 595 1869 orationis
623 1803 743 1888 parte!)
777 1804 970 1871 adversarios
1003 1803 1229 1888 aggrederetur
1257 1824 1361 1889 eoque
1389 1805 1485 1890 minus,

196 1902 278 1983 quod
294 1924 339 1986 ea,
353 1927 434 1989 quae
447 1906 571 1991 profert,
587 1906 628 1972 ad
644 1907 741 1973 resin
756 1909 898 1973 contione
913 1907 1095 1973 tractandas
1109 1907 1239 1972 omniuo
1255 1929 1320 1973 uon
1335 1908 1484 1992 pertinent
1603 1950 1605 1988 5

282 2006 491 2092 Quamobrem
513 2015 618 2076 autem
640 2010 823 2095 Philippum
837 2010 1040 2095 Amphilochi
1063 2010 1160 2094 legati
1182 2031 1282 2077 eausa
1310 2012 1485 2080 incusavise
1584 2034 1606 2061 '-

195 2109 224 2192 t§
245 2109 277 2190 3)
304 2133 345 2177 ne
373 2133 436 2178 uno
457 2114 583 2197 quidem
605 2114 701 2180 verbo
723 2120 955 2196 commemoret,
984 2135 1048 2179 non
1081 2113 1251 2180 difficulter
1277 2114 1484 2200 intellegimus
1580 2164 1606 2199 ,.

194 2209 273 2277 Pam
297 2216 378 2281 euim
401 2218 529 2283 eoeleste
551 2217 735 2302 Diopithem
757 2224 866 2283 eontra
894 2218 943 2283 ius
965 2217 1104 2282 divinum
1135 2223 1168 2282 et
1189 2217 1369 2283 humanum
1391 2239 1485 2303 penen-

193 2314 270 2382 visse
291 2325 430 2404 apparet,
451 2326 488 2385 ut
502 2320 735 2387 Demosthenes
757 2320 798 2385 ad
819 2321 944 2405 culpam
967 2320 1032 2386 eius
1053 2319 1237 2386 diluendam
1259 2319 1341 2386 nibil
1361 2323 1485 2406 prolerre

192 2426 302 2499 posset
351 2422 474 2489 Eodem
507 2423 600 2489 modo
630 2424 741 2508 paucis
769 2424 860 2489 aunis
892 2429 966 2489 ante
999 2425 1032 2489 iu
1063 2425 1166 2509 prima
1191 2424 1387 2509 Philippica,
1418 2447 1485 2510 quaa
1589 2448 1606 2497 'r

192 2528 332 2608 vocatur,
359 2526 502 2592 oratione
531 2527 631 2592 multa
660 2532 692 2592 et
719 2527 900 2611 gravissima
927 2527 1058 2593 crimina
1081 2527 1228 2595 Obaretis
1255 2527 1384 2595 silentio
1411 2551 1485 2613 prae
1601 2523 1606 2579 ss

191 2628 363 2696 termittens
384 2631 503 2696 leviora
524 2631 667 2697 defendit
675 2633 709 2713 ⁶).

275 2732 485 2819 Relinquitur,
506 2740 541 2799 ut
563 2735 790 2818 gravissimum,
819 2733 902 2817 quod
925 2739 1033 2799 contra
1054 2755 1104 2799 me
1127 2733 1240 2817 aliquis
1263 2733 1386 2817 afferat,
1407 2757 1486 2819 argu·

191 2841 328 2903 mentum
350 2838 500 2905 refellam.
545 2839 672 2904 Dixerit
701 2838 865 2922 quispiam,
896 2859 967 2902 curn
989 2859 1044 2902 rex
1066 2840 1085 2920 ἓ
1108 2838 1128 2903 6
1150 2837 1268 2903 scribat
1290 2887 1420 2902 .....
1441 2836 1487 2904 καὶ
1601 2884 1606 2890 -

190 2936 277 3025 πρὸς
297 2940 353 3010 τὸν
365 2941 497 3030 Πέρσην
517 2940 674 3027 πρέσβεις
689 2935 918 3007 ἀπεστάλκατε
933 2936 1111 3017 πείσοντας
1129 2934 1230 3005 αὐτὸν
1251 2937 1328 3024 ἐμοὶ
1344 2941 1488 3025 melenriv
1602 2969 1606 2975 ’

190 3047 222 3106 et
244 3039 395 3131 constetI)
418 3048 459 3113 ab
474 3047 724 3113 Atheniensibus
745 3067 818 3111 vere
832 3045 895 3110 342
910 3043 960 3110 vel
980 3045 1075 3128 paulo
1092 3049 1166 3109 ante
1180 3045 1303 3129 legatos
1327 3044 1371 3110 ad
1393 3065 1486 3130 regern

190 3143 355 3217 Persarum
377 3174 441 3218 non
464 3152 575 3217 missos
598 3172 664 3216 esse
685 3155 717 3215 et
738 3147 986 3214 Demosthenem
1009 3168 1051 3212 or.
1073 3146 1245 3215 VIII-x
1265 3148 1437 3234 postulare,
1459 3155 1490 3215 ut

188 3246 284 3335 legati
306 3256 480 3336 mittantur,
513 3254 679 3319 verisimile
709 3274 777 3318 esse
807 3250 1000 3317 orationibus
1023 3249 1194 3318 VIII-X
1226 3251 1347 3319 habitis
1378 3252 1515 3337 legatos'
1604 3298 1605 3301 =

190 3353 402 3425 Demosthene
424 3360 528 3441 legern
551 3357 668 3423 ferente
691 3355 805 3423 Susam
827 3356 937 3420 missos
968 3375 1035 3419 esse
1066 3375 1165 3437 eaque
1193 3355 1289 3421 dere
1314 3356 1491 3441 Philippum

189 3463 345 3546 conqueri.
388 3462 471 3529 Inde
503 3482 655 3546 apparere
687 3459 853 3544 epistulam
886 3464 958 3543 post
987 3457 1143 3523 orationes
1171 3457 1345 3526 VIII-X
1374 3459 1493 3527 habitas

189 3564 334 3649 scriptam
364 3588 441 3633 esse.
486 3566 535 3631 At
563 3564 699 3649 primum
731 3562 899 3629 dicendum
929 3567 976 3627 est
999 3582 1037 3626 ex
1059 3561 1161 3627 verbis
1183 3563 1202 3646 ᾗ
1225 3563 1259 3644 6,
1289 3583 1375 3647 quae
1406 3585 1494 3648 supra

189 3669 358 3753 attulimus,
387 3692 541 3756 apparere
563 3668 777 3733 Athenienses
798 3667 840 3732 ad
863 3666 992 3731 Persam
1014 3664 1135 3749 legatos
1157 3666 1277 3733 misisse
1299 3666 1438 3761 foederis
1457 3667 1495 3732 ad

189 3769 304 3838 bellum
325 3775 408 3841 ultro
429 3772 629 3840 inferendum
652 3771 780 3837 ineundi
810 3791 907 3836 causa
929 3768 1228 3851 (Offensivbiindnis)
1251 3769 1497 3856 Philippumque

189 3879 343 3961 conqueri,
364 3879 448 3964 quod
466 3878 678 3942 Athenienses
694 3874 817 3943 Ochum
836 3879 945 3940 contra
967 3893 1000 3938 se
1021 3872 1229 3938 accenderint
1274 3872 1325 3939 At
1339 3896 1392 3940 res
1406 3874 1498 3958 plane

188 3977 250 4044 ulia
277 4003 315 4047 ex
344 3983 405 4068 §7
434 3986 577 4067 apparet.
622 3979 788 4064 Philippus
817 3977 971 4062 queritur,
1003 3974 1087 4059 quod
1111 3975 1325 4042 Athenienses
1354 3977 1398 4044 de
1428 3975 1499 4044 dne-

187 4080 304 4165 μαχίαι
326 4086 448 4168 egerint
469 4079 692 4168 (διαλέγεσθαι
722 4078 800 4164 περὶ
828 4082 889 4168 τῆς
910 4073 1109 4161 ἐπιμαχίας.)
1154 4076 1240 4162 Quid
1262 4075 1431 4161 ἒπιμαχία
1454 4081 1502 4163 sit,

188 4206 227 4250 ex
258 4187 357 4254 Phuc.
378 4190 398 4255 1
419 4190 462 4255 44
491 4192 636 4272 apparet:
671 4182 875 4271 μετέγνωσαν
904 4176 1120 4269 Κερκυραίοις
1153 4178 1334 4264 ξυμμαχίαν
1363 4180 1427 4265 μὲν
1456 4182 1502 4274 μὴ

188 4290 415 4381 ποιήσασθαι,
439 4282 525 4359 ιῖίστε
547 4287 624 4368 τοὺς
641 4282 758 4365 αὐτοὺς
773 4282 911 4373 ἐχθροὺς
924 4283 979 4350 καὶ
995 4278 1111 4371 φίλους
1131 4278 1283 4366 νομίζειν.
1308 4332 1342 4349 ..
1361 4335 1369 4350 .
1388 4334 1397 4350 .
1422 4281 1504 4353 ἐπι-

187 4394 306 4477 μαχίαν
328 4392 360 4463 d'
385 4392 588 4485 ἐποιήσαντο
610 4396 665 4482 τῆι
688 4386 838 4480 ἀλλήλων
858 4390 1006 4475 βοηθεῖν,
1030 4377 1086 4451 ἐάν
1107 4410 1158 4463 τις
1179 4382 1238 4452 ἐπὶ
1255 4385 1432 4476 Κέρκυραν
1452 4385 1506 4479 ἴηι

188 4488 211 4587 ἢ
237 4495 386 4589 Ἀθήνας
416 4492 439 4590 ἢ
470 4497 547 4576 τοὺς
578 4489 698 4563 τούτων
729 4486 923 4579 ξυμμάχους.
969 4489 1120 4575 Queritur
1147 4511 1221 4572 ergo
1243 4490 1417 4578 Philippus
1445 4493 1508 4561 hoc

186 4602 255 4671 loeo
277 4606 317 4672 de
338 4606 475 4689 foedere,
498 4602 584 4690 qnod
606 4592 647 4668 ad
669 4601 787 4667 bellum
802 4596 1021 4682 depellendum
1045 4594 1148 4659 initur.
1193 4592 1374 4663 Careamus
1397 4598 1508 4684 igitur,

186 4765 412 4778 w———u

275 4854 300 4925 1)
319 4854 391 4909 VIII
408 4855 433 4911 9.
560 4848 589 4920 2)
606 4848 678 4902 VIII
694 4847 712 4903 9
731 4846 766 4900 cf.
784 4843 829 4899 28.
955 4839 983 4908 3)
1001 4837 1072 4891 VIII
1090 4837 1132 4893 Vt.
1258 4838 1286 4906 4)
1305 4838 1377 4896 V111
1398 4841 1511 4920 132qq,

273 4944 301 5017 5)
320 4945 354 5006 cf,
374 4944 519 5004 Schwartz
540 4940 559 4998 l.
580 4956 603 4993 e.
623 4955 650 5017 p.
668 4934 754 5015 llaq.
886 4931 913 5004 6)
933 4930 1013 4987 Dem.
1032 4926 1058 4984 X
1075 4926 1110 4981 31
1119 4944 1160 5001 eq.
