3650 5709
881 440 1093 506 ..42-

330 629 473 715 equidem
510 626 642 711 probare
678 646 741 691 non
776 648 911 712 possum.
983 627 1125 694 Primum
1161 628 1244 694 enim
1277 635 1418 712 constat,
1452 629 1614 715 prinsquam

331 733 450 800 Oalhas
464 730 611 797 Athenas
626 732 711 796 venit
729 729 835 814 ibique
857 729 897 796 de
919 730 1068 797 societate
1082 731 1221 797 ineunda
1243 734 1316 817 egit,
1337 730 1548 800 Athenienses
1557 756 1613 804 cun
1702 741 1706 793 f

331 833 591 903 Chalcidensibus
617 834 728 899 foedus
755 833 896 917 1111166611.
930 834 1030 918 quod,
1059 840 1097 900 ut
1116 856 1203 900 nnnc
1223 856 1262 900 ex
1283 835 1473 902 Philochoro
1494 848 1614 925 apparet,

330 959 413 1004 anno
435 938 530 1023 34211
559 937 676 1003 lactum
705 940 788 1021 ese).
831 936 915 1003 Tum
944 944 1049 1003 autem
1072 936 1279 1004 demonstrari
1300 944 1405 1024 potest
1427 938 1613 1011 Schaetcruu

330 1064 386 1110 suo
407 1043 475 1107 iure
497 1040 664 1107 coniecisse
686 1040 725 1105 de
749 1039 841 1107 rebus
864 1040 904 1107 ab
928 1041 1044 1109 Aesch.
1056 1042 1086 1123 3,
1096 1042 1139 1107 95
1161 1043 1411 1108 commemoratis
1432 1043 1612 1130 6111034110

330 1153 435 1212 actum
472 1165 549 1210 esse.
612 1143 697 1209 Nam
728 1165 767 1209 ex
795 1144 913 1211 Aesch.
945 1144 976 1225 3,
1005 1144 1067 1209 103
1094 1150 1218 1211 constat
1251 1145 1328 1213 orei
1359 1144 1422 1212 illis
1442 1148 1613 1229 temporibus

329 1270 453 1316 omnem
475 1247 538 1312 vim
561 1268 657 1332 penes
677 1247 829 1331 populum
851 1246 958 1327 tuisse,
980 1247 1124 1313 Eretriae
1139 1253 1244 1314 autem
1261 1247 1457 1315 Clitarchnm
1479 1268 1613 1332 regnasse

330 1354 432 1420 Oreus
463 1371 571 1416 mense
603 1349 704 1416 Junio
735 1350 797 1415 341
831 1350 964 1416 liberata
997 1353 1079 1433 est⁸t
1123 1350 1303 1417 Olitamhns
1334 1372 1419 1417 anno
1444 1350 1558 1433 341140
1575 1377 1612 1423 ex.

329 1457 438 1541 pulsus
459 1458 543 1535 esto,
572 1459 739 1538 postquam
765 1454 937 1538 perbreve
959 1455 1262 1539 temporisspatium
1292 1475 1364 1520 cum
1387 1454 1613 1529 Atheniensibus

329 1561 478 1626 societate
490 1558 674 1623 coniunctus
689 1563 765 1623 erat
801 1557 883 1624 Onm
904 1579 1045 1624 mensem
1060 1558 1338 1624 Anthesterionem
1361 1554 1612 1642 6111661113,θῦ

331 1666 609 1729 commemoratum
631 1682 724 1727 nemo
746 1661 913 1727 11116339
937 1662 1108 1742 adscribat,
1138 1667 1271 1746 apparet
1292 1659 1500 1742 Olitarchum,
1519 1661 1613 1750 quippe

331 1766 384 1850 qui
406 1786 477 1830 cum
501 1763 750 1831 Atheniensibus
772 1764 881 1830 foedus
901 1765 1016 1846 inierit,
1037 1770 1190 1830 autumno
1216 1764 1265 1831 vel
1286 1765 1415 1831 ineunte
1436 1763 1538 1830 hieme
1556 1772 1613 1836 anui

331 1870 392 1934 341
414 1889 512 1951 regno
534 1866 666 1933 eiectum
689 1889 756 1934 esse
786 1874 819 1933 et
847 1868 931 1933 diem
954 1868 1077 1934 concilii
1097 1869 1131 1933 in
1155 1868 1204 1934 16.
1228 1867 1327 1933 Anth
1348 1867 1414 1934 340
1435 1866 1613 1939 constitutam

332 1994 407 2049 esse,
438 1977 474 2037 nt
505 1970 697 2037 Schaeferns
726 1978 811 2037 recte
834 1973 975 2038 coniecit
1032 1971 1195 2057 Sequitur,
1226 1977 1263 2037 nt
1283 1971 1516 2052 Demosthenes
1535 1995 1614 2059 nuper

331 2077 382 2158 (cf.
403 2074 520 2141 Aesch.
542 2074 572 2157 3,
593 2075 647 2158 971
668 2096 707 2141 ex
728 2075 948 2159 Peloponneso
969 2075 1215 2159 Acarnaniaque
1246 2096 1386 2142 reseram
1407 2080 1528 2142 aestate
1556 2083 1613 2146 anni
1713 2112 1715 2143 ι

332 2181 393 2245 341
415 2179 540 2261 legatus
561 2179 666 2244 inerit
823 2180 826 2184 ’

415 2283 446 2347 4.
496 2282 555 2347 116
593 2282 846 2349 Androtione.
915 2281 1064 2350 Virorum
1107 2281 1269 2347 doctorum
1313 2281 1434 2348 animos
1476 2280 1614 2353 adversa

332 2386 428 2452 liceat
448 2387 482 2450 in
504 2384 635 2471 Didymi
657 2386 761 2467 verba,
782 2408 863 2469 quae
885 2391 1010 2451 exstant
1031 2385 1088 2450 col.
1111 2386 1141 2467 8,
1163 2384 1204 2449 14
1225 2406 1285 2468 sq:
1313 2372 1515 2470 ἀφηγοῦνται
1533 2409 1615 2455 rouo

332 2492 384 2573 (sc.
405 2490 591 2573 legationes,
619 2511 700 2572 qnae
731 2511 815 2555 anno
843 2490 938 2556 34413
960 2488 1107 2554 Athenas
1128 2491 1347 2573 pervenerunt)
1375 2480 1572 2572 Ἀνδροτίων,
1588 2474 1616 2570 iu

332 2590 390 2658 καὶ
412 2585 480 2657 τότ’
506 2582 593 2671 εἷπε,
615 2590 672 2657 καὶ
694 2587 911 2677 Ἀναξιμένης.
965 2592 1123 2677 Didymus
1151 2613 1225 2676 ergo
1259 2591 1308 2657 vel
1334 2590 1530 2676 Hermippus
1549 2596 1616 2678 apud

332 2696 565 2762 Androtionem
599 2696 748 2781 scriptum
777 2696 856 2780 legit
884 2718 968 2762 anno
998 2696 1094 2777 34413
1116 2695 1288 2779 legationes
1309 2694 1381 2761 illas
1402 2694 1547 2762 Athenas
1564 2718 1617 2781 per·

332 2800 450 2865 venisse
484 2800 650 2883 ipsumque
683 2799 826 2866 Atthidis
859 2800 1056 2885 scriptorem,
1089 2821 1162 2865 cnm
1191 2798 1405 2865 Athenienses
1434 2798 1475 2864 de
1503 2800 1618 2867 condici-

332 2901 444 2968 onibus
479 2924 499 2967 a
532 2902 644 2988 legatis
673 2903 746 2969 latis
779 2904 929 2988 egissent,
966 2904 1140 2969 orationem
1173 2901 1327 2968 habnhse.
1385 2900 1469 2968 Inde
1504 2902 1619 2987 primun

332 3010 463 3090 apparet
483 3006 715 3072 Androtionem
737 3007 892 3073 rhetorem
924 3007 1058 3072 eundern
1088 3027 1155 3072 esse
1186 3012 1280 3089 atque
1303 3005 1466 3071 annalium
1489 3005 1620 3074 librorum

332 3110 522 3194 scriptorem,
556 3110 649 3193 qnod,
682 3132 871 3195 quamquam
906 3132 945 3175 ex
967 3110 1124 3193 zosime)
1158 3115 1191 3175 61
1221 3108 1421 3193 Plutarcho‘)
1456 3108 1621 3194 apparebat,

332 3212 514 3297 Miillerus7)
535 3215 672 3296 negavit.
716 3213 799 3278 Tum
821 3214 1052 3279 Arrdrotionem
1081 3219 1154 3298 post
1182 3234 1300 3278 annum
1327 3212 1423 3298 34413
1446 3233 1549 3297 neque
1568 3219 1625 3298 post

332 3336 451 3379 annum
471 3315 536 3381 346
544 3318 571 3399 ⁸)
596 3317 629 3380 in
653 3316 778 3381 exihum
801 3318 935 3383 eiectum
957 3338 1025 3383 esse
1056 3338 1167 3401 resque
1202 3317 1242 3381 ab
1264 3316 1516 3383 Atheniensibus
1536 3323 1626 3402 gestas

333 3439 431 3501 usque
453 3417 495 3482 ad
517 3440 636 3484 annum
657 3419 752 3504 34413
774 3421 949 3487 narravisse
970 3426 1109 3505 apparet.

797 3823 880 3893 Vll.
919 3821 1172 3894 summarium.

419 4008 497 4076 Post
524 4031 635 4094 pacem
658 4010 889 4077 Philocrateam
918 4012 982 4077 346
1013 4010 1130 4076 iactam
1160 4010 1340 4095 Philippus,
1371 4008 1487 4094 qnippe
1509 4008 1566 4092 qni
1587 4007 1642 4074 sibi

336 4133 405 4178 cnm
428 4113 675 4180 Atheniensibus
696 4136 807 4199 pacem
830 4120 861 4179 et
883 4114 1055 4179 amicitiam
1077 4135 1139 4179 non
1161 4119 1345 4198 perpetuam
1367 4111 1432 4178 fore
1446 4110 1645 4193 intellexerit,

334 4214 408 4280 belli
429 4216 589 4282 fortnmm
612 4238 674 4283 non
695 4219 781 4302 prins
802 4217 1018 4302 temptandam
1042 4239 1108 4283 esse
1130 4218 1283 4302 cognovit,
1306 4237 1401 4299 quam
1424 4220 1520 4302 etres
1536 4213 1647 4280 Threi·

336 4318 399 4384 cias
420 4320 465 4385 ite
488 4321 691 4403 constituerit,
723 4326 767 4402 ut,
788 4342 872 4396 ,cnm
906 4322 1035 4387 summis
1064 4321 1103 4387 de
1132 4321 1226 4387 rebus
1256 4320 1405 4385 adversus
1431 4316 1650 4384 Athenienses

424 4549 450 4605 11
469 4550 572 4605 Aesch.
589 4550 615 4617 3,
633 4550 668 4606 91
688 4567 750 4621 sqq.

422 4638 450 4709 2)
468 4638 535 4693 Did.
556 4638 580 4707 1,
598 4638 634 4693 15
652 4656 713 4710 sqq.
734 4640 833 4710 (neque
851 4637 936 4707 343l2
954 4640 988 4694 cl.
1008 4638 1140 4693 Schasfer
1158 4636 1200 4691 11·
1218 4636 1289 4707 423).

423 4727 580 4794 3111111,
601 4726 636 4781 15
654 4744 715 4798 sqq.
845 4727 958 4798 411111.
978 4727 1002 4793 l,
1022 4727 1056 4781 19
1077 4743 1119 4796 sq.

422 4816 449 4885 51
471 4817 531 4869 rita
548 4817 634 4870 Isocr.
654 4834 681 4886 p.
700 4814 751 4869 527
771 4815 814 4870 ed.
833 4816 1037 4870 Westermann.
1143 4814 1169 4882 6)
1189 4814 1224 4867 16
1243 4813 1328 4868 exilio
1347 4812 1382 4866 14
1400 4829 1427 4883 p.
1446 4810 1523 4866 6050.

423 4903 449 4974 7)
470 4904 506 4959 Η,
527 4904 560 4960 G.
579 4905 608 4959 Il.
629 4906 651 4959 Ι.
672 4923 697 4975 p.
717 4904 868 4958 LXXXIIL
998 4905 1025 4974 8)
1045 4904 1189 4957 Schwartz
1209 4902 1295 4957 P.-W.
1315 4919 1336 4956 s.
1355 4919 1380 4956 v.
1398 4900 1575 4961 Androtion.
