3650 5709
810 516 1002 577 ,ν-

253 704 415 764 merantur
436 700 469 763 in
490 701 630 764 oratione
652 697 691 764 X
712 702 777 784 (52)
798 702 948 780 civitates,
978 721 1059 783 quae
1092 706 1198 766 orator
1218 702 1318 769 verbis
1345 693 1560 787 διωρίγμιθα

253 798 338 865 κατὰ
362 796 481 878 πόλεις
505 797 570 868 aas.
604 802 782 886 significare
814 803 955 868 volebat:
988 802 1110 887 Argivi,
1140 804 1290 888 Thebani,
1313 805 1561 886 Lacedaemonii,

255 904 419 985 Corinthii,
455 905 606 986 Arcades,
637 905 859 987 Athenienses,
891 928 1023 989 quorum
1056 929 1095 972 ex
1130 930 1259 973 numero
1289 931 1359 974 cum
1386 907 1561 988 Messeniis,

254 1007 441 1090 Arcadibus,
471 1006 600 1092 Argivis
631 1008 842 1075 Athenienses
878 1010 1007 1075 foedera
1039 1032 1121 1075 anno
1154 1014 1248 1093 343)2
1281 1013 1387 1077 iniisse
1420 1011 1562 1076 vidimus.

254 1111 303 1176 At
324 1112 412 1177 nulla
433 1118 482 1176 est
502 1111 584 1177 fides
615 1110 761 1177 habenda
790 1114 873 1178 illius
895 1115 1044 1178 orationis
1065 1113 1263 1179 fabricatori!
1308 1114 1391 1180 Tum
1411 1136 1562 1198 quaeren-

254 1215 330 1280 dum
352 1220 408 1295 est,
430 1214 631 1299 quamobrem
652 1215 882 1281 Demosthenes
904 1218 937 1280 in
958 1217 1149 1282 orationibus
1176 1217 1265 1286 VIII
1287 1224 1320 1283 et
1339 1217 1397 1283 IX
1417 1218 1563 1303 postulet,

254 1327 291 1386 ut
313 1320 409 1403 legati
423 1320 456 1383 in
471 1318 722 1404 Peloponnesum
743 1321 909 1385 mittantur
930 1321 990 1384 nisi
1011 1320 1146 1385 foederis
1167 1322 1296 1387 ineundi
1317 1318 1437 1387 causa?
1466 1320 1562 1386 Prae-

254 1429 341 1488 terea
363 1421 592 1487 Demosthenes
622 1420 731 1502 verbis,
763 1444 843 1505 quae
873 1428 999 1487 exstant
1019 1411 1138 1487 Ix‘u
1169 1421 1210 1487 cc?
1245 1420 1279 1489 ἐν
1301 1420 1563 1513 Πελοποννήσωι

255 1521 493 1611 σκεοορώμενον
522 1527 575 1609 (so.
600 1519 798 1609 Φίλιππον),
824 1529 863 1590 18
887 1521 1177 1613 Πελοποννησίους
1205 1522 1246 1590 τὰ
1277 1521 1399 1592 ἐκείνου
1421 1529 1562 1613 φρονεῖν,

255 1653 327 1696 cum
349 1634 468 1695 ceteros
489 1628 734 1712 Peloponnesios
755 1633 823 1693 tum
844 1627 1020 1693 Messenios
1043 1635 1076 1694 et
1089 1628 1375 1713 Megalopolitanos
1396 1630 1563 1714 significat,

255 1755 333 1817 quos
354 1732 470 1798 bellum
492 1754 563 1797 cum
585 1731 841 1797 Lacedaemoniis
863 1737 1007 1815 gerentes
1029 1731 1210 1817 Philippum
1232 1733 1386 1799 adiuvisse
1410 1734 1564 1799 secundae

256 1836 451 1919 Philippicae
481 1836 659 1900 testimonio
688 1840 819 1901 constat.
874 1835 963 1900 Dum
993 1841 1098 1901 autem
1124 1843 1229 1920 partes
1250 1835 1389 1921 Philippi
1410 1837 1564 1921 Pelopon-

254 1941 334 2005 nesii
351 1939 568 2023 sequebantur,
591 1938 702 2003 foedus
717 1943 826 2003 contra
840 1938 1023 2023 Philippum
1045 1940 1274 2005 conciliandum
1296 1962 1367 2005 cum
1388 1941 1564 2006 Athenien-

259 2042 345 2109 sibus
367 2044 444 2107 inire
466 2064 529 2107 non
551 2048 705 2127 poterant.

343 2146 398 2213 Ad
413 2168 459 2228 ea,
481 2167 561 2231 quae
574 2146 612 2211 de
628 2147 803 2210 orationum
819 2166 901 2209 anno
917 2146 1091 2227 statuimus,
1107 2147 1239 2229 pessime
1253 2147 1407 2231 quadrare
1421 2145 1566 2212 videntur

256 2274 304 2333 ea,
336 2272 418 2336 quae
450 2251 484 2313 in
510 2250 650 2314 oratione
671 2247 729 2313 IX
755 2250 820 2332 (32)
849 2249 966 2332 scripta
994 2249 1153 2332 legrmtur:
1184 2298 1191 2312 .
1214 2298 1220 2313 .
1244 2298 1250 2313 .
1273 2298 1280 2314 .
1302 2245 1421 2336 τίθησι
1443 2247 1502 2333 μὲν
1522 2246 1565 2313 τὰ

258 2350 379 2419 Πύθια
402 2355 453 2438 (sc.
467 2347 657 2436 Φίλιππος)
680 2400 688 2416 .
712 2400 720 2415 .
744 2400 751 2417 .
772 2340 834 2418 κᾶν
855 2344 954 2427 αὐτὸς
974 2348 1020 2440 μὴ
1045 2353 1162 2440 πορῆι,
1191 2349 1268 2429 τοὺς
1291 2348 1424 2431 δούλους
1445 2348 1565 2436 ἀγωνο-

257 2454 455 2546 θετήσοντας
477 2454 607 2539 πέμπει
759 2453 825 2521 Suo
857 2456 924 2519 iure
954 2454 1085 2519 adnotat
1108 2453 1338 2540 Sohaeferusq:
1376 2453 1564 2537 01.108,3

258 2563 336 2627 hielt
357 2560 484 2645 Philipp
506 2559 556 2625 die
580 2557 685 2643 Spiele
707 2557 883 2643 persbnlich
905 2557 954 2639 ab,
989 2559 1055 2622 also
1085 2557 1210 2624 kbnnen
1241 2580 1301 2625 nur
1332 2559 1383 2624 die
1414 2559 1566 2625 nbchsten

258 2665 394 2751 Pythien
415 2664 553 2747 gemeint
581 2664 657 2728 sein.
709 2661 791 2728 Oum
823 2663 954 2745 proximi
986 2661 1053 2726 ludi
1074 2661 1191 2745 Pythia
1213 2661 1263 2729 Ol.
1288 2665 1358 2744 109,
1381 2666 1399 2727 3
1423 2664 1442 2727 i.
1464 2684 1490 2727 e.
1512 2685 1566 2727 au-

257 2776 367 2834 tumno
400 2768 475 2832 anni
497 2769 559 2831 342
593 2766 670 2832 facti
705 2767 776 2846 sint,
813 2766 912 2830 oratio
934 2764 992 2829 IX
1026 2771 1176 2829 autumno
1200 2766 1261 2829 342
1294 2768 1462 2850 praeterito
1495 2787 1566 2831 vere

259 2873 334 2936 anni
356 2874 416 2936 341
448 2871 564 2954 scripta
595 2890 663 2934 esse
691 2869 821 2934 videtur.
877 2866 1057 2934 Secundum
1079 2871 1185 2932 autem
1207 2868 1410 2953 Diodorum¹)
1432 2869 1567 2953 Amphi·

258 2977 376 3042 ctiones
399 2975 431 3037 in
453 2994 543 3038 omne
559 2978 688 3056 ‘tempus
710 2973 944 3053 constituerant,
982 2977 1018 3036 ut
1038 2970 1105 3037 ludi
1126 2969 1273 3055 Philippo
1295 2972 1431 3038 faciendi
1454 2979 1568 3038 essent

260 3078 343 3146 Cum
364 3098 434 3143 vere
456 3080 519 3142 342
541 3098 596 3141 rex
617 3078 649 3139 in
672 3075 808 3141 Thracia
837 3081 1020 3156 versaretur,
1051 3096 1158 3139 omnes
1185 3096 1257 3139 eum
1285 3077 1435 3141 vicarium
1471 3098 1566 3160 quen-

259 3184 333 3248 dam
364 3182 405 3247 ad
425 3182 552 3264 negotia
578 3202 635 3245 sua
656 3179 853 3263 procuranda
881 3180 1049 3244 missurum
1079 3198 1147 3243 esse
1174 3178 1407 3262 praevidebant
1437 3179 1568 3245 Parum

259 3293 365 3350 tamen
398 3289 507 3369 aptum
539 3290 588 3349 est
617 3283 658 3348 ad
685 3282 908 3347 Demosthenis
941 3282 1094 3347 fervidam
1125 3287 1157 3346 et
1178 3283 1367 3347 concitatam
1395 3284 1567 3348 orationem
1626 3336 1632 3345 .

259 3388 401 3452 futurum
422 3385 580 3470 quoddam
600 3386 689 3469 quasi
713 3384 855 3469 πέμψει.
899 3384 1072 3449 Praeterea
1091 3384 1163 3449 fieri
1185 3389 1297 3468 potest,
1318 3391 1355 3449 ut
1369 3386 1568 3470 Antipater³)

258 3497 327 3555 tum
348 3491 411 3554 iam
433 3486 567 3572 Delphis
598 3487 734 3568 adesset,
763 3493 800 3551 ut
829 3486 920 3552 ludos
949 3485 1086 3552 edendos
1107 3492 1318 3571 praepararet
1363 3486 1568 3572 Quocumque

258 3594 351 3660 modo
383 3613 433 3657 res
456 3590 613 3671 sehabet,
644 3595 775 3673 tempus,
807 3610 868 3673 quo
891 3589 1139 3654 Demosthenem
1167 3591 1324 3655 orationes
1346 3589 1436 3658 Vm
1457 3597 1491 3656 et
1510 3589 1569 3655 IX

258 3697 404 3762 habuisse
436 3695 610 3773 statuimus,
640 3699 761 3758 mutare
783 3692 1006 3758 Demosthenis
1032 3692 1133 3758 verbis
1163 3714 1259 3777 supra
1288 3693 1393 3759 allatis
1415 3695 1484 3777 cogi
1505 3715 1568 3759 non

259 3802 408 3866 videmur.
432 3836 472 3845 —

345 3900 466 3967 Notum
487 3905 536 3965 est
556 3900 682 3965 tertiam
702 3921 783 3983 quae
804 3905 987 3963 numeratur
1008 3898 1218 3983 Philippicam
1240 3898 1356 3983 duplici
1378 3899 1483 3964 forma
1504 3906 1568 3965 tra-

259 4007 359 4072 ditam
380 4010 511 4085 exstare,
543 4026 675 4087 quarum
696 4008 860 4085 utramque
881 4001 921 4066 ab
944 4004 1011 4086 ipso
1033 4002 1248 4067 Demosthene
1271 4004 1480 4087 conscriptam
1501 4024 1568 4068 esse

261 4107 475 4193 Spengelius4)
497 4112 564 4170 tam
583 4106 685 4169 firmis
715 4105 906 4188 argumentis
928 4105 1161 4184 demonstravit,
1196 4111 1317 4169 utnon
1338 4104 1479 4187 habeam,
1513 4128 1569 4171 cur

261 4212 301 4277 ab
315 4232 351 4277 eo
366 4209 532 4275 discedam
563 4208 722 4293 Spengelii
738 4208 926 4273 sententiam
941 4209 1039 4273 secuti
1054 4207 1218 4292 Weilius⁶)
1235 4214 1268 4274 et
1282 4230 1382 4293 nuper
1396 4209 1568 4292 Blassius⁶)

349 4423 364 4476 1
394 4420 517 4488 11²443‚
537 4421 562 4475 1.

349 4421 376 4578 Pi
396 4511 439 4579 16,
458 4510 493 4566 60
517 4512 626 4563 τιθέναι
651 4507 683 4562 δὲ
709 4509 756 4559 καὶ
785 4504 835 4559 τὸν
852 4504 947 4577 ἀγῶνα
972 4511 1028 4560 τῶν
1051 4509 1169 4561 Πυθίων
1187 4509 1333 4561 Φίλιππον
1349 4504 1419 4577 μετὰ
1439 4508 1568 4558 Βοιωτῶν

261 4602 308 4652 καὶ
328 4601 475 4652 Θετταλῶν.

348 4688 375 4756 3)
395 4687 493 4741 Liban.
515 4687 552 4741 IV
572 4705 597 4756 p.
616 4686 678 4751 311,
698 4685 740 4739 13.

349 4776 377 4845 4)
396 4775 622 4844 Ahhandlungen
642 4775 691 4829 der
708 4773 899 4843 Bayerischen
919 4773 1071 4828 Akademie
1090 4773 1130 4826 IX
1150 4772 1203 4827 144
1216 4789 1278 4843 sqq.

351 4864 377 4931 5)
397 4862 500 4921 Annal.
519 4864 690 4919 Fleckeisen.
729 4862 844 4933 18701).
864 4861 918 4917 535
933 4880 975 4933 sq.

350 4954 377 5021 6)
395 4954 472 5010 Deru.
491 4954 518 5009 9.
537 4953 730 5028 Philippischo
749 4953 845 5013 Redeo
869 4952 915 5017 ftr
932 4952 989 5013 (ten
1011 4950 1241 5025 Schulgebraucb
1262 4947 1350 5007 1905·
1368 4911 1395 5027 p
1414 4947 1468 5010 134
1481 4962 1543 5025 sqq.
