3650 5709
692 471 904 538 -25..

141 670 216 729 ains
237 661 453 747 pheniciae).
496 659 653 728 Nummos
676 661 795 729 Sidone
816 662 960 727 inventos
981 660 1086 727 littero
1109 681 1127 728 r
1150 659 1342 746 significatos
1364 661 1451 728 Eua·

144 789 241 852 gorae
256 788 334 848 esse,
353 766 535 850 Euagoram
551 788 625 850 ergo
640 788 748 850 regem
765 765 893 833 Sidonis
907 766 1028 830 factum
1045 787 1111 832 esse
1127 764 1271 831 Babelon
1287 786 1345 830 con
1370 764 1457 830 cludi

144 879 213 946 Sed
240 878 443 963 quamobrem
466 905 483 936 ο
505 880 554 944 vel
577 905 614 936 00
638 878 774 943 nummis
801 875 985 943 Salaminiis
1015 879 1166 964 inscripta
1195 890 1289 950 notae
1317 882 1453 949 nominis

143 993 315 1076 Euagorae
336 993 407 1073 sint,
433 992 545 1058 nescio.
592 1012 712 1058 aaran
735 990 820 1055 enim
842 983 1011 1076 Εὐαγόρας
1032 990 1083 1056 val
1105 994 1209 1076 potius
1230 985 1452 1083 Εὖῐαγόραςῒ)

144 1127 213 1172 esse
243 1126 306 1171 non
328 1103 478 1169 traditum
506 1109 561 1170 est
604 1103 774 1168 Praeterea
796 1128 813 1159 ο
837 1101 942 1167 littera
972 1122 1035 1168 non
1062 1105 1155 1171 modo
1177 1107 1209 1170 in
1233 1110 1370 1175 nummis
1390 1107 1453 1173 illis

144 1217 304 1284 Sidonicis
325 1222 357 1281 et
379 1215 551 1302 prriacis,
571 1215 627 1281 sad
649 1216 745 1281 etiam
766 1215 799 1280 in
821 1214 958 1280 nummis
981 1215 1112 1282 Ciliciae
1128 1224 1160 1282 et
1173 1218 1314 1305 Aegypti
1329 1220 1453 1304 legitur.

143 1329 294 1414 Exempli
324 1329 428 1413 gratia
458 1326 554 1393 affero
583 1349 728 1393 nummos
748 1326 810 1393 No.
832 1326 896 1392 360
919 1333 951 1393 at
972 1328 1036 1393 370
1066 1328 1170 1395 littera
1193 1357 1210 1388 ο
1254 1331 1454 1416 significatos,

144 1463 226 1527 quos
248 1440 388 1506 Babelon
410 1441 444 1505 in
465 1441 615 1526 Aegypto
635 1461 797 1524 percussos
819 1461 887 1505 esse
909 1438 995 1505 dicit.
1043 1439 1153 1506 Etiam
1181 1442 1301 1508 nummi
1323 1442 1454 1510 Ciliciae

143 1554 209 1620 No.
231 1551 382 1618 202-04
410 1574 430 1616 a
460 1551 603 1632 Mazaio,
639 1556 676 1616 ut
704 1552 763 1635 ipsi
785 1549 941 1617 Babeloni
967 1550 1104 1634 videtur,
1139 1555 1319 1638 percussio
1349 1554 1454 1621 littera

143 1673 314 1759 significati
328 1678 410 1739 sunt.
457 1671 543 1756 Quid
564 1671 621 1737 illa
642 1697 659 1728 ο
681 1670 786 1736 littera
808 1671 857 1752 sit,
879 1671 1007 1737 omnino
1028 1672 1217 1757 ignoramus.

231 1786 263 1868 3)
287 1784 374 1869 Quid
404 1784 541 1850 numeris
570 1783 632 1850 illia
659 1783 795 1849 nummis
815 1783 972 1868 inscriptis
993 1785 1203 1869 significatum
1226 1787 1280 1868 sit,
1312 1808 1375 1853 non
1399 1809 1455 1854 no-

144 1895 294 1956 tumeat

234 1992 357 2077 Quibus
378 1991 418 2057 de
443 1991 546 2056 causis
567 1989 608 2055 ab
629 1991 676 2072 iis,
705 2011 787 2073 quae
808 1989 954 2056 Babelon
976 1993 1118 2075 coniecit,
1141 1994 1364 2060 discedendum
1388 2017 1455 2062 esse

144 2098 225 2163 mihi
246 2097 377 2163 videtur.
421 2094 472 2160 Ne
494 2094 536 2159 ad
558 2115 597 2159 ea
617 2094 753 2177 quidem,
781 2115 862 2178 quae
885 2115 924 2159 ex
945 2093 1150 2163 Manethonis
1180 2097 1348 2164 annalibus
1368 2098 1455 2165 libris

144 2207 271 2268 servata
291 2200 453 2280 habemus,
474 2198 644 2282 confugere
666 2196 748 2279 licet,
770 2218 841 2262 cum
862 2195 1041 2281 fragmenta
1063 2200 1149 2284 apud
1167 2200 1365 2285 Africanum,
1388 2203 1455 2268 Eu·

143 2306 277 2387 sebium,
297 2304 529 2388 Hieronymum
551 2301 667 2366 tradita
690 2303 773 2366 iuter
793 2322 827 2366 se
849 2321 913 2367 non
936 2308 1120 2386 congruant
1165 2302 1348 2371 Secundum
1369 2305 1455 2370 Afri.

145 2432 263 2476 canum
290 2406 399 2475 Ochus
424 2405 459 2489 2,
491 2406 590 2472 Arses
611 2406 642 2486 3,
675 2405 832 2471 Darius4
858 2427 958 2472 annos
987 2406 1021 2471 in
1052 2408 1202 2494 Aegypto
1234 2416 1454 2493 regnaverunt.

145 2513 258 2582 Ochus
280 2532 367 2596 ergo,
394 2532 466 2576 cum
488 2509 674 2575 Alexander
696 2530 780 2574 anno
801 2508 865 2574 332
887 2510 1017 2576 ineunte
1038 2511 1071 2575 in
1094 2512 1279 2598 Aegyptum
1300 2513 1456 2597 profectus

144 2618 195 2700 sit,
227 2617 255 2681 1.
278 2615 364 2682 Thot
388 2647 422 2668 ==
449 2636 478 2679 a.
500 2614 530 2678 d.
552 2612 642 2681 XVI
663 2613 832 2678 Kalendas
855 2614 1049 2681 Decembres
1082 2618 1157 2680 anni
1178 2616 1240 2681 341
1271 2616 1455 2702 Aegyptum

144 2741 279 2805 regnare
302 2719 475 2803 cooperata),
507 2716 591 2801 quod
613 2716 699 2781 nullo
721 2717 815 2782 modo
837 2716 905 2782 fieri
927 2723 1038 2801 potest,
1061 2740 1133 2783 cum
1156 2719 1285 2786 Mentor
1307 2721 1456 2806 Aegypto

145 2825 314 2891 subacta
334 2822 430 2909 34312
450 2821 617 2887 Hermiam
640 2821 766 2904 ceperit.

235 2927 417 2996 Secundum
438 2924 612 2990 Eusebium
634 2924 667 2988 in
682 2923 830 3008 Aegypto
846 2921 956 2989 Ochus
970 2923 991 2988 6
1006 2946 1114 3007 annos,
1135 2927 1235 2992 Arses
1250 2927 1280 3008 4,
1301 2926 1456 2993 Dariusb

145 3037 367 3117 regnaverunt.
413 3028 518 3113 Quam
541 3028 668 3093 obrem

494 3132 521 3197 1.
545 3154 647 3199 annus
668 3130 948 3219 AlexandriNov.
970 3131 1034 3198 332
1055 3133 1167 3218 incipit

492 3238 522 3302 6.
590 3264 604 3298 a
671 3235 765 3302 Darii
911 3262 926 3297 »
987 3237 1050 3303 333
1119 3264 1133 3298 a

591 3368 606 3402 b
719 3368 734 3402 >
911 3367 926 3401 >>
986 3340 1050 3406 338
1118 3368 1133 3402 b

590 3473 605 3506 b
672 3442 765 3511 Affils
911 3471 926 3506 >>
987 3444 1051 3510 339
1119 3472 1133 3506 »

592 3576 606 3609 »
720 3576 734 3609 3
911 3575 927 3609 ὶ
987 3548 1051 3613 342
1119 3575 1134 3608 >

515 3700 523 3716 .
592 3678 606 3711 r
675 3651 757 3717 Ochi
905 3678 920 3712 r
987 3650 1051 3716 343
1120 3678 1134 3712 »

495 3755 523 3818 l.
593 3780 607 3813 a
721 3780 735 3813 r
903 3781 918 3813 »
986 3753 1050 3819 348
1119 3780 1133 3814 »

150 3862 235 3929 Oum
257 3880 296 3923 ex
318 3878 446 3938 canone,
466 3857 521 3940 qui
542 3861 673 3921 vocatur
686 3855 870 3937 Ptolemaei,
885 3856 1001 3921 Arsem
1016 3856 1037 3921 2
1052 3878 1152 3922 annos
1167 3877 1314 3942 regnasse
1328 3863 1459 3940 constet,

149 3965 247 4030 etiam
271 3960 409 4026 Eusebio
431 3960 520 4026 nulla
541 3959 619 4025 fides
640 3959 787 4025 habenda
810 3964 865 4025 est.

236 4065 450 4150 Hieronymus
484 4066 526 4130 ad
556 4063 605 4130 15.
636 4085 754 4129 annum
785 4063 868 4130 Ochi
895 4062 1057 4129 adscribit:
1106 4063 1234 4131 »Ochus
1273 4064 1459 4150 Aegyptum

150 4171 262 4251 tenuit,
284 4168 470 4235 Nectanabo
492 4169 524 4233 in
548 4168 754 4252 Aethiopiam
784 4167 890 4252 pulso,
922 4166 955 4232 in
986 4189 1048 4251 quo
1069 4168 1299 4254 Aegyptiorum
1326 4189 1459 4251 regnum

152 4272 345 4339 destructum
375 4279 430 4339 est.
477 4273 552 4338 Huc
580 4294 678 4356 usque
709 4271 888 4338 Manetho.«
940 4271 991 4340 15.
1014 4293 1116 4338 annus
1139 4270 1229 4354 Ochi,
1256 4294 1327 4338 oum
1350 4270 1460 4338 Ochus

152 4377 325 4444 secuudum
348 4398 501 4443 canonem
522 4377 752 4443 Ptolemaicum
775 4376 803 4442 1.
827 4375 878 4440 die
899 4375 1016 4441 mensis
1037 4375 1123 4442 Thot
1148 4407 1182 4430 =
1209 4397 1236 4440 a.
1258 4376 1288 4441 d.
1310 4374 1368 4440 XI
1382 4375 1458 4440 Kal.

152 4480 232 4546 Dec.
256 4480 320 4546 359
340 4502 473 4565 regnare
502 4481 647 4565 coeperit,
676 4479 848 4547 secundum
877 4479 1032 4545 rationem
1056 4480 1287 4566 Aegyptiacam
1309 4479 1337 4545 is
1359 4499 1460 4543 annus

152 4589 344 4666 numeratur,
366 4585 421 4668 qui
441 4584 515 4650 inde
537 4583 578 4649 ab
599 4605 707 4650 mensa
727 4583 808 4649 Nov.
824 4581 888 4647 345
909 4603 1008 4667 usque
1030 4582 1072 4647 ad
1093 4582 1173 4648 Nov.
1188 4582 1252 4648 344
1273 4589 1329 4664 est,
1350 4603 1460 4648 secun·

153 4687 229 4754 dum
258 4689 414 4754 rationem
441 4688 687 4774 Babylonicam,
719 4686 773 4771 qui
804 4685 879 4750 inde
901 4706 921 4750 a
943 4707 1050 4751 mense
1071 4685 1192 4753 Martio
1214 4687 1278 4753 344
1299 4685 1461 4768 usquead

241 4863 268 4934 1)
286 4862 339 4920 No.
358 4861 491 4917 620-26.
590 4863 619 4930 2)
639 4862 673 4918 cf.
692 4877 819 4916 nummos
838 4859 959 4918 Graecos
979 4860 1132 4932 Cypriacos
1152 4855 1461 4929 colummanus.

244 4953 272 5023 3)
291 4952 343 5006 Ed.
362 4952 466 5021 Meyer,
485 4951 685 5021 Forsohungen
705 4969 726 5007 z.
746 4969 770 5005 a.
791 4949 891 5006 Gesch.
909 4968 937 5029 p.
955 4949 1016 5008 492.
