3650 5709
804 437 1012 501 ..22-

344 627 416 712 Quo
438 649 512 712 ergo
534 650 617 693 anno
637 649 693 693 rex
713 627 834 711 legatos
855 625 926 691 illos
947 626 1096 692 Athenas
1118 626 1224 693 misit?
1268 627 1320 691 Ex
1342 637 1358 706 ξ
1376 626 1416 692 15
1438 626 1564 709 Phihp-

257 754 331 817 pum
363 753 433 796 cum
456 732 593 797 exercitu
615 753 635 796 a
656 730 893 815 Peloponnesiis
916 731 1089 814 exspectari
1113 738 1259 815 apparet:
1291 728 1397 812 ξένους
1424 725 1563 810 εἰσπέμ-

258 859 318 900 νιει
349 832 406 901 καὶ
435 825 573 923 χρήματ’
594 828 791 898 dusaritim
825 830 883 898 καὶ
917 831 1053 915 δύναμιν
1083 831 1225 920 μεγάλην
1253 830 1334 915 ἔχων
1365 822 1471 909 αὐτός
1494 826 1563 897 ἔστι

258 932 492 1024 προσδόκιμος.
537 938 618 1005 Oum
640 937 806 1021 Philippus
836 959 906 1002 curn
938 938 1077 1002 exercitu
1099 959 1118 1002 a
1140 938 1377 1022 Peloponnesiis
1398 942 1562 1020 exspecta-

257 1048 350 1123 retur,
371 1043 404 1107 in
421 1042 556 1109 Graecia
575 1041 765 1122 versabatur,
787 1041 871 1124 quod
886 1046 919 1106 et
936 1062 1020 1107 anno
1036 1041 1100 1106 346
1113 1047 1145 1107 et
1160 1062 1243 1107 anno
1260 1041 1355 1129 34413
1369 1042 1495 1106 factum
1509 1045 1561 1104 est.

259 1146 338 1213 Oum
354 1166 437 1209 anno
450 1143 513 1209 346
529 1145 701 1209 orationem
715 1143 856 1209 habitam
872 1165 939 1210 esse
954 1166 1047 1209 uerno
1062 1151 1161 1228 putet,
1174 1166 1258 1211 anno
1269 1145 1364 1232 34413
1379 1144 1495 1209 habita
1509 1148 1561 1207 est

257 1248 436 1332 Philippum
458 1270 541 1314 anno
563 1247 657 1335 34413
673 1270 781 1313 revera
795 1271 815 1313 a
829 1247 1067 1332 Peloponnesiis
1082 1255 1296 1332 exspectatum
1312 1270 1378 1315 esse
1393 1270 1433 1313 ex
1448 1268 1493 1311 or.
1508 1246 1562 1311 IX

257 1352 297 1416 72
313 1358 453 1444 apparet,
475 1374 536 1436 quo
550 1352 619 1417 loco
635 1352 867 1418 Demosthenes
881 1352 1038 1436 legatione
1059 1351 1143 1417 facta
1165 1348 1212 1431 εἰς
1234 1348 1492 1438 Πελοπόννησον
1514 1340 1561 1435 ὁρ-

255 1454 357 1542 μῆσαι
371 1455 562 1539 prohibitum
575 1477 645 1521 eum
659 1456 826 1542 essessdicit.
851 1454 974 1540 Quibus
985 1455 1025 1521 de
1036 1457 1137 1522 causis
1149 1455 1314 1522 verisimile
1328 1463 1376 1522 est
1388 1454 1560 1521 orationem

256 1557 307 1625 VI
329 1579 349 1622 a
371 1558 585 1625 Demosthene
613 1559 723 1625 eodem
745 1561 890 1645 ,tempore
911 1562 970 1646 1εε.
997 1581 1068 1625 vere
1090 1560 1164 1639 3431
1191 1560 1365 1642 eademque
1397 1557 1560 1625 occasione

256 1662 403 1745 scriptam
415 1683 492 1744 esse,
506 1684 569 1746 qua
580 1661 782 1747 Hegesippus
797 1664 969 1729 orationem
982 1663 1050 1731 VII
1064 1663 1184 1728 habuit.
1215 1661 1373 1747 Sequitur,
1390 1668 1427 1727 ut
1437 1661 1561 1745 legatio,

257 1765 345 1829 cuius
366 1765 398 1830 in
421 1766 612 1832 orationibus
628 1765 777 1834 VII-x
802 1768 920 1833 mentio
941 1765 986 1848 fit,
1008 1766 1118 1832 eadem
1137 1767 1178 1832 sit
1192 1772 1287 1850 atque
1300 1766 1356 1832 illa
1370 1768 1404 1832 in
1420 1765 1560 1831 oratione

246 1866 307 1937 ‚VI
324 1875 575 1952 commemorata,
596 1892 709 1952 quaem
724 1892 790 1936 rem
805 1871 869 1936 iarn
884 1893 943 1955 per
955 1892 988 1936 se
1000 1870 1198 1937 verisimilem
1222 1892 1290 1937 esse
1305 1892 1401 1955 supra
1415 1868 1558 1933 vidimus

342 1971 465 2055 Quibus
495 1973 638 2039 omnibus
668 1997 766 2039 unum
794 1996 970 2058 repugnare
999 1974 1130 2055 videtur,
1160 1974 1245 2058 quod
1275 1974 1510 2039 Demosthenes
1529 1974 1560 2037 in

186 2087 193 2103 ⁸
256 2076 395 2142 oratione
426 2082 534 2142 contra
557 2077 815 2162 Olympiodorum
845 2077 956 2143 habita
979 2086 995 2157 ξ
1018 2078 1061 2143 24
1082 2077 1262 2163 Pythodoto
1290 2099 1446 2162 eponymo
1477 2097 1560 2141 exer·

255 2179 351 2244 citum
384 2180 496 2246 civium
519 2180 760 2246 Atheniensium
787 2181 821 2245 in
842 2182 1060 2247 Acarnaniam
1092 2182 1220 2247 missum
1250 2203 1317 2247 esse
1345 2186 1468 2263 narrat,
1501 2203 1561 2264 qua

255 2284 452 2367 expeditione
488 2284 717 2366 Acarnaniam,
754 2284 976 2367 Ambraciam,
1017 2285 1268 2368 Peloponnesum
1310 2290 1451 2350 servatas
1496 2305 1561 2349 esse

257 2384 473 2471 Schaeferus1)
495 2394 594 2473 putat.
644 2389 736 2473 Quae
758 2391 784 2455 si
806 2390 852 2454 ita
874 2394 987 2471 essent,
1009 2388 1173 2472 Philippus
1198 2389 1232 2453 in
1254 2389 1353 2473 Epiro
1375 2395 1435 2455 etc
1457 2389 1560 2453 hieme

255 2489 350 2577 34312
379 2497 519 2558 versatus
549 2499 630 2558 esset
658 2499 690 2559 et
711 2492 913 2577 Hegesippus
940 2494 1112 2558 orationem
1134 2492 1304 2558 habuisset
1348 2492 1415 2559 sed
1437 2494 1465 2558 si
1487 2490 1560 2556 Phi·

255 2591 341 2677 lippo
373 2602 537 2678 praesente
577 2598 729 2662 exercitus
762 2595 1006 2661 Atheniensium
1043 2596 1076 2660 in
1109 2595 1324 2661 Acarnaniam
1360 2596 1562 2681 pervenisset,

255 2695 372 2761 bellum
401 2700 507 2764 statim
538 2701 710 2766 exarsisset.
755 2698 860 2765 Multo
889 2699 1084 2765 verisimilius
1106 2704 1154 2764 est
1179 2698 1391 2765 Athenienses
1414 2699 1560 2784 Philippo

255 2799 287 2862 in
311 2799 479 2867 Thraciam
501 2806 641 2886 profecto
656 2802 822 2889 Arybbam
844 2803 876 2867 in
898 2824 1030 2886 regnum
1053 2802 1216 2868 restituere
1236 2808 1363 2869 conates
1377 2825 1454 2887 esse,
1478 2804 1561 2887 quod

256 2924 289 2968 se
309 2903 447 2971 facturos
479 2927 546 2971 esse
578 2906 707 2990 polliciti
740 2911 867 2989 erant³),
900 2928 995 2989 quam
1028 2906 1069 2970 ad
1097 2927 1162 2971 rem
1183 2906 1352 2971 infeliciter
1372 2912 1560 2991 temptatam

254 3005 363 3071 referri
384 3015 515 3092 possunt
536 3009 758 3075 Demosthenis
779 3009 876 3076 verba
897 3009 989 3078 VIII
1013 3009 1066 3073 12:

340 3102 397 3175 εἶτ’
431 3103 523 3194 οἶμαι
564 3110 747 3197 συμβαίνει,
780 3117 840 3177 ιιῦι
872 3109 931 3196 μὲν
961 3107 1009 3199 ἐφ’
1035 3094 1074 3176 ib
1101 3106 1214 3200 ἐλθηι,
1250 3101 1338 3178 τοῦτ’
1370 3108 1560 3194 tigernensi

256 3208 387 3302 πολλήν
408 3209 550 3303 ἡσυχίαν,
579 3213 655 3303 ἡμῖν
676 3210 704 3281 d'
728 3210 905 3302 ὑστερίζειν
926 3214 982 3282 καὶ
1005 3208 1052 3281 do'
1077 3205 1117 3279 div
1139 3210 1392 3304 δαπανήσωμεν,
1426 3208 1561 3282 ἅπαντα

254 3315 360 3407 μάτην
382 3308 584 3407 α’νηλυνκέναι
606 3321 656 3403 (cf.
679 3320 717 3385 X
738 3320 801 3404 201.

611 3711 672 3779 lv.
709 3711 762 3778 De
784 3710 992 3778 Artaxerxe
1015 3710 1074 3777 III
1097 3710 1206 3779 Ocho.

340 3895 378 3960 X
416 3895 576 3978 orationis,
611 3920 706 3981 quam
741 3919 813 3963 vere
850 3898 926 3963 anni
963 3896 1026 3962 342
1070 3896 1274 3980 compositam
1313 3918 1380 3962 esse
1417 3898 1563 3980 vidimus,

257 4008 293 4077 §§
316 4000 356 4065 31
374 4022 440 4083 sqq.
469 3999 634 4065 Hermiam
660 4002 872 4067 Atarnensem
907 4022 928 4065 a
950 4001 1119 4065 Persarum
1149 4021 1223 4083 rege
1247 4005 1375 4083 captum
1398 4023 1467 4067 esse
1490 4024 1563 4067 nar·

255 4102 317 4166 rari
338 4103 402 4167 iam
425 4103 545 4168 dudum
573 4111 696 4170 constat
717 4111 749 4170 et
771 4104 902 4189 Didymi
924 4104 1025 4169 verbis
1054 4125 1139 4169 nunc
1161 4103 1380 4168 confirmatum
1404 4111 1459 4171 est.
1506 4106 1564 4173 Se-

256 4205 392 4271 cundum
415 4206 672 4291 Apollodorum³l
694 4208 883 4274 Aristoteles
905 4208 990 4292 apud
1012 4214 1181 4293 tyrannum
1200 4207 1274 4273 inde
1289 4208 1330 4273 ab
1345 4230 1429 4274 anno
1444 4209 1564 4297 348147

255 4331 352 4393 usque
386 4309 428 4375 ad
461 4332 577 4375 annum
599 4311 694 4399 34615
723 4317 863 4378 versatus
898 4333 982 4377 anno
1004 4310 1100 4398 34514
1127 4311 1314 4395 Mytilenam
1352 4335 1386 4377 se
1420 4315 1566 4381 contulit

255 4410 421 4495 Judeich4)
450 4412 652 4498 Strabonem,
684 4416 737 4499 qui
768 4414 864 4480 XIII
895 4438 926 4499 p.
950 4414 1013 4480 610
1042 4414 1247 4481 Aristotelem
1279 4418 1398 4481 Assum
1434 4424 1569 4503 propter

256 4514 421 4581 Hermiam
444 4523 568 4601 captum
590 4518 751 4602 reliquisse
772 4525 884 4604 putare
907 4519 1038 4600 videtur,
1059 4525 1185 4585 secutus
1206 4518 1373 4583 Hermiam
1396 4541 1482 4586 anno
1500 4523 1568 4590 345

256 4623 383 4702 captum
405 4641 472 4685 esse
493 4622 583 4705 ponit
605 4622 751 4705 dicens⁵):
773 4622 843 4688 Der
858 4622 1051 4688 Aufenthalt
1072 4622 1128 4686 der
1141 4621 1355 4706 Philosophen
1371 4622 1570 4695 Aristoteles

344 4814 371 4885 1)
389 4816 434 4869 ΙΙΞ
452 4815 513 4871 427.
644 4817 671 4887 2)
690 4817 756 4873 GIA
774 4818 803 4872 Il
821 4817 881 4873 115.
1011 4819 1039 4885 3)
1057 4817 1100 4871 ed.
1118 4816 1225 4885 Jacoby
1243 4835 1270 4888 p.
1288 4817 1351 4873 317.

342 4902 369 4975 4)
388 4904 627 4965 Kleinasiatische
647 4906 767 4964 Studien
785 4925 813 4984 p.
832 4907 893 4969 220.
1023 4907 1088 4977 511.
1108 4922 1132 4961 e.
1150 4923 1178 4977 p.
1197 4905 1257 4974 220,
1276 4906 1301 4961 1.
