3650 5709
804 490 1016 553 ,217-

253 673 307 754 (sc.
328 666 527 758 Φίλιππος),
552 668 616 741 ὁδ’
634 674 875 766 (Δημοσθένης)
899 666 1084 765 οίπηγόρευε
1104 681 1150 766 μή
1174 675 1357 762 λαμβάνειν,
1380 675 1410 746 εί
1432 674 1560 761 δίδωσι,

253 775 336 863 περὶ
360 775 531 863 συλλαβῶν
553 770 798 866 διαφερόμενος.
850 778 908 846 καί
931 779 973 846 τδ
996 781 1226 847 τελευταῖον
1249 779 1460 869 στεφανώσας
1485 782 1562 861 τοὺς

252 870 327 961 μετ’
340 872 588 969 ’Ἀριστοδήμου
608 878 656 960 είς
673 879 853 949 Θετταλίαν
873 882 931 949 καί
953 882 1151 972 Μαγνησίαν
1165 882 1260 970 παρὰ
1274 883 1334 961 τὰς
1357 890 1414 971 τῆς
1436 880 1563 973 εἰρήνης

254 981 426 1072 συνθήκας
447 982 712 1071 πρεσβεύσαντας
734 985 792 1076 τήν
813 985 872 1071 μέν
894 983 1022 1077 εἰρήνην
1043 986 1170 1054 διέλυσε
1199 982 1264 1055 κτὲ.
1321 988 1402 1054 Ιυδο
1433 994 1565 1072 apparet
1657 1049 1659 1051 ,

254 1088 398 1173 Philippi
426 1090 549 1175 legatos
578 1112 650 1156 cum
677 1090 925 1157 Atheniensibus
956 1092 995 1158 de
1023 1092 1209 1159 Halonneso
1237 1094 1348 1177 egisse,
1380 1092 1562 1176 priusquam

254 1191 354 1278 legati
377 1192 417 1258 ab
439 1192 640 1259 Aristodemo
662 1194 748 1259 ducti
770 1196 804 1259 in
826 1196 1024 1262 Thessaliam
1046 1198 1133 1263 missi
1155 1203 1237 1278 sunt,
1269 1218 1364 1281 quam
1391 1218 1457 1261 rem
1480 1216 1563 1259 anno

255 1297 353 1381 34312
386 1297 504 1362 factam
538 1318 605 1363 esse
637 1297 748 1363 scholii
780 1297 898 1364 Aesch.
920 1299 978 1364 HI
1007 1300 1048 1366 83
1088 1300 1265 1366 testimonio
1304 1304 1427 1365 constat
1460 1319 1562 1381 neque

257 1399 474 1482 Schaeferus¹l
496 1406 601 1484 negat.
639 1400 775 1486 Legatos
796 1423 871 1469 vere
894 1405 969 1468 anni
991 1404 1054 1469 342
1076 1405 1187 1470 missos
1208 1425 1274 1469 esse
1304 1402 1469 1469 verisimile
1496 1422 1563 1467 esse

255 1526 355 1588 supra
376 1504 517 1569 vidimus.
553 1504 687 1571 Constat
708 1526 782 1590 ergo
805 1506 844 1571 de
867 1506 1053 1573 Halonneso
1081 1514 1154 1573 ante
1177 1529 1230 1572 ver
1252 1508 1315 1573 342
1348 1511 1453 1571 actum
1486 1527 1562 1571 esse.

257 1607 382 1692 Quibus
402 1608 495 1674 rebus
518 1629 537 1673 a
558 1607 706 1693 Philippo
729 1610 823 1693 gestis
846 1612 946 1676 oratio
969 1610 1145 1695 Hegesippi
1166 1610 1276 1675 habita
1296 1610 1345 1690 sit,
1367 1632 1406 1674 ex
1427 1608 1498 1678 VH
1520 1608 1562 1673 32

255 1711 418 1779 discimus:
452 1708 513 1776 έπί
534 1706 563 1776 δ’
581 1706 785 1799 Ἀμβρακίαν
807 1710 1026 1798 στρατεύεται,
1056 1711 1117 1791 τὰς
1138 1708 1169 1778 δ’
1195 1711 1228 1779 έν
1249 1710 1453 1779 Κασσωπίαι
1475 1715 1563 1795 τρεῖς

255 1814 377 1894 πόλεις
398 1812 589 1881 Πανδοσίαν
610 1814 666 1882 καὶ
690 1812 833 1898 Βουχέτα
855 1815 913 1881 καί
926 1809 1100 1897 Ἐλάτειαν,
1119 1808 1257 1881 Ἠλείων
1271 1810 1440 1896 ἀποικίας,
1465 1839 1563 1880 κατα-

255 1916 385 1998 καίσας
404 1918 464 2009 τήν
475 1912 584 2006 χιίραν
599 1918 653 1985 καὶ
670 1916 794 1999 εἰςτὰς
809 1916 927 1998 πόλεις
940 1916 1140 2003 βιασάμενος
1155 1916 1329 2006 παρέδωκε
1341 1911 1563 2004 Ἀλεξάνδρων

254 2027 320 2090 τῶι
341 2024 496 2112 κηδεστήι
518 2027 580 2089 τῶι
601 2019 719 2090 ἑαυτοῦ
740 2015 915 2090 δουλεύειν.
971 2025 1054 2092 Oum
1086 2024 1269 2108 Philippum
1301 2023 1465 2089 verisimile
1496 2044 1563 2090 esse

254 2128 348 2195 Maio
363 2149 470 2194 mense
485 2129 548 2195 343
570 2129 604 2194 in
619 2128 790 2196 Thraciam
811 2129 988 2214 profectum
1004 2151 1070 2195 esse
1089 2128 1266 2211 viderimus,
1289 2148 1352 2192 non
1366 2128 1453 2211 prius
1467 2149 1563 2212 quam

255 2232 389 2318 Lycisco
411 2253 564 2318 eponymo
586 2234 620 2297 in
642 2233 740 2318 Ilpiro
762 2238 903 2299 versatus
926 2239 982 2315 est,
1008 2239 1045 2299 ut
1071 2233 1149 2297 mihi
1175 2233 1302 2317 quidem
1324 2232 1459 2314 videtur,
1492 2254 1563 2298 exe-

255 2341 335 2402 unte
349 2336 452 2402 hieme
467 2336 561 2421 34413
583 2337 633 2403 vel
654 2338 783 2403 ineunte
804 2359 877 2404 vere
898 2338 972 2403 343.
1016 2336 1102 2403 Nam
1122 2338 1209 2422 prius
1224 2358 1318 2420 quam
1341 2336 1509 2420 Philippus
1529 2337 1563 2401 in

256 2439 428 2506 Thraciam
449 2441 610 2525 proiectus
640 2447 702 2522 est,
733 2463 791 2526 per
819 2441 948 2526 aliquod
978 2446 1102 2525 tempus
1128 2440 1161 2504 in
1183 2440 1318 2506 Boeotia
1345 2446 1377 2505 et
1399 2440 1564 2506 Thessalia

255 2550 400 2610 versatus
422 2544 563 2611 civitates
591 2546 790 2625 constituite).
847 2545 959 2613 Oratio
992 2566 1066 2629 ergo
1098 2565 1161 2610 non
1190 2544 1372 2628 priusquam
1399 2565 1471 2611 vere
1500 2544 1564 2609 343

255 2648 417 2731 Philipp0,
439 2653 475 2714 ut
495 2648 573 2713 mihi
596 2649 724 2733 quidem
746 2649 878 2731 videtur,
899 2650 933 2713 in
947 2649 1114 2714 Thraciam
1137 2649 1276 2714 nondum
1291 2648 1433 2733 profecto
1454 2649 1565 2715 habita

257 2758 315 2818 est.
352 2751 438 2817 Nam
458 2752 640 2837 Philippum
661 2753 739 2817 nihil
761 2753 844 2819 bello
860 2753 1006 2819 Threicio
1030 2754 1154 2837 assequi
1176 2753 1308 2819 voluisse
1331 2753 1399 2835 nisi,
1421 2758 1458 2817 ut
1471 2752 1565 2817 urbes

257 2856 301 2921 ad
325 2856 568 2940 Hellespontum
599 2857 675 2923 sitas
702 2858 735 2921 in
771 2879 860 2923 suam
890 2862 1078 2942 potestatem
1106 2858 1270 2942 redigeret,
1303 2878 1411 2923 omnes
1438 2857 1564 2923 illorum

256 2966 435 3044 temporum
451 2959 664 3028 Athenienses
680 2961 942 3043 consentiebant³)
965 2983 1066 3045 neque
1081 2961 1218 3026 dubitari
1232 2967 1344 3046 potest,
1365 2962 1441 3045 quin
1456 2960 1564 3045 Hege-

257 3064 366 3149 sippus
388 3066 497 3149 urbes,
527 3087 606 3150 quas
632 3066 799 3150 Philippus
830 3066 975 3132 libertate
1004 3065 1180 3149 privaverat
1211 3066 1261 3131 vel
1290 3067 1467 3149 privaturus
1489 3072 1566 3148 erat,

258 3190 447 3235 enumerans
479 3170 533 3255 (30
558 3173 613 3254 sq.)
645 3170 833 3236 Perinthum
866 3175 898 3235 et
930 3169 1120 3255 Byzantium
1156 3190 1220 3234 non
1256 3170 1426 3235 emissurus
1461 3169 1564 3234 fuerit

257 3272 429 3339 Praeterea
451 3274 585 3360 epistula
605 3274 670 3356 illa,
692 3274 732 3340 de
754 3295 817 3358 qua
836 3274 870 3338 in
893 3274 1033 3340 oratione
1055 3272 1127 3342 VII
1149 3273 1265 3356 agitur,
1296 3273 1443 3339 Athenas
1471 3274 1567 3339 missa

261 3376 510 3445 Atheniensibus
531 3383 579 3445 tot
600 3384 632 3443 et
653 3383 742 3443 tanta
764 3378 928 3459 concessit,
960 3383 996 3444 ut
1021 3378 1065 3443 eis
1087 3377 1283 3443 satisfaceret
1303 3398 1381 3443 neve
1403 3378 1443 3443 ab
1465 3376 1567 3442 Athe·

259 3480 428 3564 niensibus,
449 3482 615 3566 quominus
637 3482 806 3547 Thraciam
829 3482 995 3566 subigeret,
1017 3480 1228 3564 impediretur.

346 3585 395 3666 Id,
418 3586 502 3670 quod
524 3585 584 3650 hoc
606 3586 699 3651 modo
722 3586 963 3666 enucleavimus,
994 3585 1171 3650 testimonio
1200 3606 1239 3649 ex
1260 3585 1329 3668 ipso
1351 3583 1567 3650 Demosthene

260 3688 427 3774 desumpto
462 3688 671 3753 confirmatur.
719 3688 777 3753 IX
806 3690 847 3755 72
881 3690 965 3754 enim
993 3688 1070 3753 dicit
1099 3693 1217 3753 orator:
1253 3682 1371 3774 έπειδη
1407 3687 1466 3775 μὰρ
1497 3684 1568 3754 ἔστι

261 3790 348 3877 πρδς
370 3782 472 3877 δι’νδρα
493 3790 551 3856 καὶ
574 3781 647 3873 ου’χί
670 3780 870 3878 συνεστώσης
892 3786 1026 3868 πόλεως
1048 3781 1179 3871 laxiori
1203 3786 1359 3872 πόλεμος,
1383 3785 1459 3856 οὐδὲ
1479 3787 1568 3858 τοῦτ’

261 3889 419 3982 δίχρηστον
447 3891 561 3978 (εοξτδ
590 3889 778 3976 ἐκπέμπειν
812 3891 981 3979 πρέσβεις)
1012 3886 1082 3959 αδδ
1114 3886 1156 3957 αἱ
1184 3889 1327 3979 πέρυσι
1355 3896 1567 3979 πρεσβεῖαι

261 3994 475 4083 έκεῖναιήκαί
497 3991 710 4083 κατηγορίαι),
734 3983 775 4075 ὃς
796 3994 855 4082 tyn*
881 3994 939 4062 καί
961 3992 1170 4073 Πολύευκτος
1193 3988 1211 4062 ὁ
1235 3995 1406 4080 βέλτιστος
1429 3994 1568 4062 έκεινοσί

261 4097 320 4166 καί
338 4095 560 4189 Ἡγήσιππος
581 4097 637 4165 καὶ
652 4095 874 4183 Κλειτόμαχος
895 4098 952 4165 καί
967 4098 1163 4186 Λυκοῦργος
1176 4098 1234 4165 καί
1252 4096 1283 4165 oi
1305 4092 1398 4165 ίίλλοι
1412 4097 1568 4186 πρέσβεις

261 4200 498 4292 περιήλθομεν,
531 4200 587 4268 καί
620 4198 825 4292 ἐποιήσαμεν
855 4200 1005 4286 ἐπισχεῖν
1031 4202 1154 4271 ἐκεῖνον
1180 4197 1252 4292 μήτ’
1282 4197 1337 4268 ἐπ’
1364 4197 1568 4289 Ἀμβρακίαν

223 4341 224 4344 “
261 4304 401 4390 ἐλθεῖν)
432 4301 505 4395 μήτ’
529 4302 578 4385 είς
607 4301 865 4397 Πελοπόννησον
902 4302 1055 4396 ὁρμήσαι.
1121 4306 1244 4392 Quibus
1277 4329 1317 4373 ex
1346 4307 1449 4374 verbis
1483 4327 1567 4372 anno

350 4504 376 4572 1)
395 4503 440 4557 11⁵
458 4502 520 4557 429.

350 4594 378 4661 2)
398 4592 594 4664 Theopompus
613 4608 658 4646 res
677 4594 774 4659 gestas
793 4590 846 4645 hoc
864 4594 966 4645 narrat
984 4590 1096 4645 ordine:
1117 4590 1152 4645 43
1167 4591 1240 4645 libro
1254 4590 1460 4662 expeditionem
1471 4589 1568 4660 Epiro·

262 4682 350 4737 ticam
370 4682 433 4753 (frg.
454 4682 526 4752 228),
544 4679 614 4736 441.
634 4698 679 4736 res
698 4680 728 4735 in
746 4680 895 4735 Thessalia
913 4680 977 4750 (frg.
990 4679 1043 4734 234
1058 4680 1120 4751 ειη),
1139 4679 1212 4735 451.
1231 4697 1276 4735 res
1296 4680 1326 4734 in
1338 4679 1455 4734 Boeotia
1469 4680 1568 4748 gestas

260 4772 356 4843 (Irgm.
375 4771 536 4840 236-238).
573 4770 643 4825 Inde
662 4787 678 4824 a
696 4769 770 4825 libro
788 4769 824 4824 46
843 4769 877 4824 δε
896 4769 970 4824 bello
989 4768 1118 4824 Threicio
1138 4770 1231 4824 refert.

351 4860 379 4926 3)
399 4861 433 4914 ct.
452 4859 523 4913 VIII
542 4860 584 4926 18,
603 4859 647 4915 66.
666 4859 705 4913 IX
723 4858 767 4913 34.

351 4948 378 5023 4)
397 4949 439 5008 De
458 4949 504 5003 his
523 4949 616 5012 verbis
637 4966 662 5004 v.
683 4947 826 5004 Schaeferi
846 4946 1059 5004 adnotationem
1077 4946 1107 5002 H
1124 4943 1187 5022 427,
1206 4944 1232 5010 2,
