3650 5709
888 393 1164 478 -re-'

340 611 441 671 torum
465 602 611 670 fortunae
632 599 866 685 publicentur1).
911 599 985 685 Qua
1000 600 1040 665 de
1053 621 1088 666 re
1109 601 1178 685 ipsa
1191 601 1422 669 Demosthenes
1444 604 1654 669 accusaverat

340 709 493 794 quosdam
516 711 655 772 oratores
676 704 767 773 VIII
788 706 830 770 69
858 694 949 781 ὅστις
970 700 1030 786 μὲν
1050 701 1121 788 γὰρ,
1150 692 1179 768 α’
1201 696 1315 792 ἄνδρες
1333 701 1523 794 Ἀθηναῖοι,
1548 726 1651 788 παρι-

340 808 407 877 δών
436 802 461 874 ἃ
488 804 631 876 συνοίσει
652 810 710 895 σῆι
732 799 840 888 σέλει,
870 803 1013 894 κρίνει,
1044 798 1217 893 δημεύει,
1241 803 1398 888 δίδωσι,
1428 809 1651 895 κατηγογεῖ

341 909 492 997 οὐδεμίαι
522 902 609 978 τοῦτ’
640 906 785 997 dodorim
811 913 906 976 ποιεῖ
927 905 984 975 aab
1006 908 1043 975 cf.
1065 911 1085 993 ξ
1108 910 1157 976 70.
1213 910 1305 995 Quae
1335 912 1534 977 incommoda
1563 909 1649 994 quod

342 1018 433 1084 multi
467 1017 580 1082 divites
616 1014 676 1080 illis
709 1013 900 1098 temporibus
933 1034 1027 1096 aegre
1059 1013 1217 1096 ferebant,
1260 1036 1322 1079 non
1357 1016 1516 1079 miramur.
1572 1012 1649 1077 Non

341 1122 481 1201 deerant,
502 1120 556 1203 qui
577 1120 731 1199 timerent,
753 1122 789 1182 ut
810 1117 1028 1199 munimentis,
1063 1123 1100 1181 ut
1125 1118 1171 1182 ita
1201 1117 1313 1200 dicam,
1346 1117 1550 1183 illabentibus
1577 1117 1649 1200 ipsi,

341 1225 394 1309 qui
417 1226 594 1307 posuerant
629 1220 842 1287 obruerentur.
897 1219 971 1304 Qua
1004 1220 1201 1305 aegritudine
1229 1225 1368 1286 oratores
1396 1221 1569 1286 utebantur
1599 1219 1649 1282 vel

339 1327 443 1412 potius
469 1323 697 1409 aegritudinem
719 1322 829 1389 tollere
850 1322 1090 1407 praetexebant,
1116 1328 1152 1388 ut
1182 1322 1364 1407 largitiones
1392 1323 1648 1408 aggrederentur.

340 1430 511 1497 Praeterea
531 1427 743 1494 causabantur
764 1449 828 1493 non
851 1427 973 1509 deesse,
1005 1427 1060 1510 qui
1088 1432 1215 1511 propter
1242 1427 1439 1511 largitiones,
1472 1448 1512 1491 ne
1541 1424 1648 1491 officia

340 1538 545 1619 praestarent,
577 1537 766 1599 recusarent.
811 1530 1042 1597 Demosthenes
1063 1530 1247 1616 prudentior
1273 1537 1349 1612 erat,
1369 1553 1463 1614 quam
1493 1536 1530 1595 ut
1558 1533 1648 1613 petu-

339 1636 443 1702 lantes
477 1656 515 1700 ac
546 1635 727 1700 temerarios
757 1634 827 1700 illos
859 1640 998 1700 oratores
1033 1634 1199 1719 populares
1234 1634 1406 1700 adiuvaret
1462 1634 1526 1699 Pro
1563 1637 1649 1697 certo

341 1738 458 1804 habere
479 1743 604 1822 poterat
617 1736 838 1820 Athenienses,
858 1738 885 1804 si
905 1738 999 1803 modo
1014 1738 1131 1805 bellum
1147 1760 1329 1804 exarsurum
1352 1743 1442 1820 esset,
1464 1738 1649 1822 largitiones

342 1842 511 1908 abolituros
533 1862 608 1907 esse.
664 1839 877 1925 Quamobrem
905 1841 1088 1925 largitiones
1115 1841 1278 1908 faciendas
1304 1863 1471 1926 aggressus
1492 1842 1573 1906 iram
1595 1861 1648 1923 po·

341 1945 408 2030 puli
430 1941 624 2029 susciperet?
677 1944 782 2011 Immo
813 1944 944 2011 fortasse
972 1945 1190 2030 largitionibus
1220 1946 1358 2012 defensis
1381 1945 1500 2029 aliquid
1522 1944 1649 2027 assequi

340 2049 451 2134 potuit,
473 2048 606 2114 fortasse
628 2069 699 2113 cum
723 2048 895 2114 oratoribus
918 2049 1049 2115 divitum
1072 2050 1251 2134 pactionem
1266 2051 1371 2116 tacere
1387 2050 1498 2135 potuit,
1520 2054 1565 2130 ut,
1588 2046 1650 2110 nisi

341 2154 374 2217 in
390 2151 575 2237 Diopithem
591 2151 820 2234 inveherentur,
842 2153 910 2237 ipse
925 2174 958 2219 se
972 2152 1154 2237 largitiones
1173 2153 1334 2220 faciendas
1354 2154 1556 2220 defensurum
1580 2172 1650 2217 esse

341 2252 561 2339 promitteret?

427 2358 537 2423 Unum
570 2357 696 2441 quidem
730 2358 949 2442 largitionibus
981 2359 1117 2426 defensis
1148 2360 1376 2427 Demosthenes
1409 2358 1650 2443 assequebatur:

343 2484 382 2527 ex
403 2463 422 2546 ς
444 2462 484 2525 17
508 2483 574 2545 sqq.
597 2468 738 2546 apparet,
759 2484 855 2545 quam
870 2469 962 2529 caute
977 2463 1185 2530 Demostheni
1199 2464 1460 2549 progrediendum
1483 2463 1587 2543 fuerit,
1611 2482 1651 2525 ne

343 2564 457 2629 bellum
496 2565 615 2647 agitare
648 2564 799 2631 videatur.
855 2566 980 2631 Bellum
1015 2568 1099 2632 enim
1131 2568 1303 2651 quoddam,
1335 2588 1397 2651 quo
1430 2565 1652 2650 largitionibus

344 2668 456 2751 vulgus
478 2668 661 2751 privaretur,
692 2690 799 2753 gerere
821 2668 957 2736 nolebat.
1012 2670 1224 2755 Quamobrem
1247 2672 1378 2736 divitum
1401 2677 1549 2751 oratores,
1576 2690 1650 2734 curn

342 2770 511 2855 populares
532 2792 582 2835 res
604 2771 645 2836 ad
667 2793 756 2838 arma
777 2773 890 2839 deduci
913 2773 1091 2855 studebant,
1113 2774 1269 2857 dicebant,
1301 2780 1338 2840 ut
1366 2774 1483 2839 bellum
1505 2775 1653 2853 vitarent,

343 2874 370 2939 si
386 2873 600 2939 Athenienses
622 2874 739 2940 bellum
761 2898 868 2961 gerere
890 2876 1015 2959 vellent,
1036 2874 1077 2941 coi
1100 2873 1250 2965 θεωρικὰ
1266 2873 1485 2961 σσραιιωτιιιά
1501 2876 1652 2941 facienda

345 2980 447 3061 esse’).
485 2977 544 3043 Sin
567 2983 672 3044 autem
688 2978 920 3046 Demosthenes
940 2980 1122 3066 largitiones
1143 2983 1264 3047 factum
1286 2983 1325 3046 iri
1339 2982 1535 3067 promiserat,
1557 2999 1653 3044 nemo

343 3086 419 3162 erat,
440 3082 494 3163 qui
517 3103 599 3164 eum,
620 3103 661 3149 ne
682 3082 800 3149 bellum
821 3085 1003 3168 agitaretur,
1023 3085 1198 3170 impediret

548 3467 621 3537 III.
656 3467 706 3537 De
731 3468 831 3539 Dem.
854 3487 908 3540 or.
933 3468 983 3539 VI
1005 3474 1041 3540 et
1063 3469 1255 3556 Hegesippi
1277 3470 1452 3540 oratione.

434 3655 658 3737 Schaeferus³),
680 3656 1044 3742 Wefflus⁴)‚B1assius⁵)
1069 3658 1246 3743 Hegesippi
1270 3662 1442 3726 orationem
1459 3658 1653 3742 Dionysium

345 3759 688 3839 Halicamassensem⁸)
711 3762 810 3826 secuti
833 3782 916 3827 anno
938 3763 1033 3842 343l2
1055 3762 1235 3848 Pythodoto
1257 3785 1410 3849 eponymo
1424 3763 1566 3828 habitam
1583 3781 1655 3825 esse

344 3869 466 3947 putant,
488 3884 569 3946 quae
590 3885 640 3928 res
661 3864 768 3946 exiis,
790 3886 871 3949 quae
893 3866 1134 3948 enucleavimus,
1156 3868 1366 3932 examinanda
1387 3873 1443 3933 est

284 3973 291 3978 “
432 3966 532 4050 Apud
565 3967 758 4033 Aeschinem
790 3968 849 4034 III
881 3970 923 4035 83
956 3971 1106 4055 scriptum
1137 3970 1285 4055 legimus:
1314 3964 1508 4057 Ἁλόννησον
1543 3963 1655 4033 ἐδίδου

433 4161 460 4228 1)
479 4161 513 4215 cf.
531 4160 557 4213 X
577 4159 614 4214 44
640 4158 707 4212 ἀλλὰ
733 4164 790 4213 ποῦ
817 4166 988 4234 συντρίβεται
1010 4163 1042 4217 τὸ
1067 4169 1186 4236 πρᾶγμα
1210 4166 1256 4217 καὶ
1280 4167 1337 4216 ποῦ
1359 4162 1567 4232 δυσχεραίνεται
1574 4182 1583 4223 ,-
1610 4156 1657 4211 ὅτι

347 4245 422 4300 τάπὸ
439 4251 495 4301 ταῖν
512 4252 612 4301 κοινῶν
631 4248 697 4308 ἔθος
714 4250 762 4303 ἐπὶ
781 4247 813 4302 τὰ
832 4250 891 4303 ἴδια
908 4250 1137 4323 μεταβιβάζοντας
1153 4250 1241 4324 ὁρῶσί
1255 4270 1338 4315 τινας,
1357 4255 1402 4305 καὶ
1419 4256 1510 4323 μέγαν
1521 4251 1573 4320 μὲν
1586 4245 1657 4300 ὄντα

345 4333 412 4405 πάρ’
427 4332 494 4408 ὑμῖν
507 4335 607 4396 εὐθέως
618 4333 667 4390 τὸν
679 4340 802 4409 λέγοιντο,
821 4337 965 4393 ἀθάνατον
983 4340 1010 4393 d’
1028 4340 1107 4395 ἕνεκα
1125 4341 1285 4413 ἀσφαλείας,
1303 4342 1398 4413 ἑτέραν
1415 4340 1447 4395 δὲ
1465 4340 1514 4407 τὴν
1530 4337 1658 4409 κρύβδην

346 4430 444 4495 ψῆφον
461 4428 512 4477 τοῦ
530 4429 654 4496 φανερῶς
672 4424 801 4495 θορύβου.
831 4429 865 4481 cf.
881 4427 978 4483 Weilii
997 4431 1274 4499 interpretationem.
1295 4462 1328 4469 -
1345 4429 1656 4500 LycurgnsssDiphilum

346 4514 490 4568 accusavit
508 4518 538 4568 et
556 4514 659 4581 effecit,
687 4518 720 4569 ut
738 4516 921 4571 multaretur.
967 4518 1009 4573 Ex
1034 4519 1147 4589 Diphili
1174 4521 1297 4575 fortunis
1325 4520 1453 4591 plebem-'2
1463 4519 1587 4585 largitus
1608 4523 1657 4573 eat

345 4601 424 4671 (Vita
442 4602 468 4655 X
487 4620 526 4657 or.
545 4603 598 4658 893
605 4604 635 4673 ⁸).

432 4690 459 4760 2)
477 4691 545 4744 XIX
563 4690 615 4745 291
635 4695 665 4746 et
685 4710 776 4762 praec.
794 4692 908 4762 gerend.
928 4694 1047 4765 reipubl.
1068 4696 1136 4752 025
1155 4715 1181 4767 p.
1201 4696 1282 4756 8180.

431 4780 461 4847 3)
479 4780 527 4833 11²
545 4779 607 4846 431,
626 4781 651 4833 2.
757 4780 785 4850 4)
803 4782 856 4837 Les
875 4781 1045 4853 Haranguea
1063 4803 1090 4856 p.
1109 4786 1170 4841 238.
1277 4786 1303 4858 5)
1323 4787 1429 4855 1112',
1449 4786 1508 4840 139.

433 4869 460 4935 6)
479 4887 523 4940 ep.
541 4869 577 4924 ad
595 4869 686 4923 Amm.
706 4870 730 4933 l,
749 4869 793 4926 10.
