<?xml version="1.0" encoding="UTF-8"?>
<!DOCTYPE html PUBLIC "-//W3C//DTD XHTML 1.0 Transitional//EN"
    "http://www.w3.org/TR/xhtml1/DTD/xhtml1-transitional.dtd">
<html xmlns="http://www.w3.org/1999/xhtml" xml:lang="en" lang="en">
 <head>
  <title>
</title>
<meta http-equiv="Content-Type" content="text/html;charset=utf-8" />
  <meta name='ocr-system' content='tesseract 3.04.00' />
  <meta name='ocr-capabilities' content='ocr_page ocr_carea ocr_par ocr_line ocrx_word'/>
</head>
<body>
  <div class='ocr_page' id='page_1' title='image "./quaestionesdemo00stavgoog_0038.png"; bbox 0 0 3650 5709; ppageno 0'>
   <div class='ocr_carea' id='block_1_1' title="bbox 816 416 1027 481">
    <p class='ocr_par' dir='ltr' id='par_1_1' title="bbox 816 416 1027 481">
     <span class='ocr_line' id='line_1_1' title="bbox 816 416 1027 481; baseline 0 -18"><span class='ocrx_word' id='word_1_1' title='bbox 816 416 1027 481; x_wconf 73' lang='lat'><strong>..31-</strong></span> 
     </span>
    </p>
   </div>
   <div class='ocr_carea' id='block_1_2' title="bbox 253 593 1584 3992">
    <p class='ocr_par' dir='ltr' id='par_1_2' title="bbox 253 593 1580 3375">
     <span class='ocr_line' id='line_1_2' title="bbox 253 593 1572 695; baseline 0.005 -30"><span class='ocrx_word' id='word_1_2' title='bbox 253 605 368 666; x_wconf 91' lang='lat' dir='ltr'><strong>cutum</strong></span> <span class='ocrx_word' id='word_1_3' title='bbox 404 625 473 670; x_wconf 90' lang='lat' dir='ltr'><strong>esse</strong></span> <span class='ocrx_word' id='word_1_4' title='bbox 494 602 589 667; x_wconf 88' lang='lat' dir='ltr'><strong>etiam</strong></span> <span class='ocrx_word' id='word_1_5' title='bbox 623 624 662 668; x_wconf 86' lang='lat' dir='ltr'><strong>ex</strong></span> <span class='ocrx_word' id='word_1_6' title='bbox 690 602 730 667; x_wconf 84' lang='lat'><strong>18</strong></span> <span class='ocrx_word' id='word_1_7' title='bbox 762 608 907 688; x_wconf 90' lang='lat' dir='ltr'><strong>apparet:</strong></span> <span class='ocrx_word' id='word_1_8' title='bbox 947 593 1026 667; x_wconf 73' lang='grc' dir='ltr'><strong>ὥστ’</strong></span> <span class='ocrx_word' id='word_1_9' title='bbox 1054 598 1151 688; x_wconf 73' lang='grc' dir='ltr'><em>ἔγωγε</em></span> <span class='ocrx_word' id='word_1_10' title='bbox 1172 597 1232 669; x_wconf 80' lang='grc' dir='ltr'><strong>οὐκ</strong></span> <span class='ocrx_word' id='word_1_11' title='bbox 1258 594 1429 695; x_wconf 80' lang='grc' dir='ltr'><strong><em>ὀκνήσαιμ’</em></strong></span> <span class='ocrx_word' id='word_1_12' title='bbox 1461 602 1572 673; x_wconf 78' lang='grc' dir='ltr'><em>εἰπεῖν</em></span> 
     </span>
     <span class='ocr_line' id='line_1_3' title="bbox 254 699 1572 796; baseline 0.002 -27"><span class='ocrx_word' id='word_1_13' title='bbox 254 704 390 786; x_wconf 81' lang='grc' dir='ltr'><em>μᾶλλον</em></span> <span class='ocrx_word' id='word_1_14' title='bbox 427 700 583 794; x_wconf 70' lang='grc' dir='ltr'><em>ἡγεῖσθαι</em></span> <span class='ocrx_word' id='word_1_15' title='bbox 621 700 797 792; x_wconf 81' lang='grc' dir='ltr'><em>συμφέρειν</em></span> <span class='ocrx_word' id='word_1_16' title='bbox 826 704 1145 794; x_wconf 76' lang='grc' dir='ltr'><em>δημοκρατουμένους</em></span> <span class='ocrx_word' id='word_1_17' title='bbox 1175 703 1252 784; x_wconf 72' lang='grc' dir='ltr'><em>τοὺς</em></span> <span class='ocrx_word' id='word_1_18' title='bbox 1275 699 1432 796; x_wconf 78' lang='grc' dir='ltr'><em>Ἕλληνας</em></span> <span class='ocrx_word' id='word_1_19' title='bbox 1463 703 1572 773; x_wconf 77' lang='grc' dir='ltr'><em>ἅπαν-</em></span> 
     </span>
     <span class='ocr_line' id='line_1_4' title="bbox 255 800 1573 896; baseline 0.005 -25"><span class='ocrx_word' id='word_1_20' title='bbox 255 831 322 887; x_wconf 80' lang='grc' dir='ltr'><strong>τας</strong></span> <span class='ocrx_word' id='word_1_21' title='bbox 343 808 506 892; x_wconf 79' lang='grc' dir='ltr'><em>πολεμεῖν</em></span> <span class='ocrx_word' id='word_1_22' title='bbox 527 800 547 896; x_wconf 74' lang='grc' dir='ltr'>ἢ</span> <span class='ocrx_word' id='word_1_23' title='bbox 569 802 855 895; x_wconf 76' lang='grc' dir='ltr'><em>ὀλιγαρχουμένους</em></span> <span class='ocrx_word' id='word_1_24' title='bbox 876 804 995 896; x_wconf 82' lang='grc' dir='ltr'><em>φίλους</em></span> <span class='ocrx_word' id='word_1_25' title='bbox 1016 800 1099 874; x_wconf 82' lang='grc' dir='ltr'><em>οἶνοι</em></span> <span class='ocrx_word' id='word_1_26' title='bbox 1121 803 1185 874; x_wconf 69' lang='lat' dir='ltr'><strong>aci.</strong></span> <span class='ocrx_word' id='word_1_27' title='bbox 1222 804 1262 875; x_wconf 79' lang='lat' dir='ltr'><strong>Oi</strong></span> <span class='ocrx_word' id='word_1_28' title='bbox 1287 805 1445 877; x_wconf 79' lang='grc' dir='ltr'><em>πλούσιοι</em></span> <span class='ocrx_word' id='word_1_29' title='bbox 1466 819 1573 878; x_wconf 89' lang='lat' dir='ltr'><strong>sutem</strong></span> 
     </span>
     <span class='ocr_line' id='line_1_5' title="bbox 257 912 1573 997; baseline 0.003 -20"><span class='ocrx_word' id='word_1_30' title='bbox 257 934 328 978; x_wconf 92' lang='lat' dir='ltr'><strong>non</strong></span> <span class='ocrx_word' id='word_1_31' title='bbox 352 914 455 980; x_wconf 91' lang='lat' dir='ltr'><strong>solum</strong></span> <span class='ocrx_word' id='word_1_32' title='bbox 477 912 674 997; x_wconf 88' lang='lat' dir='ltr'><strong>oligsrchiss,</strong></span> <span class='ocrx_word' id='word_1_33' title='bbox 695 934 777 996; x_wconf 88' lang='lat' dir='ltr'><strong>quse</strong></span> <span class='ocrx_word' id='word_1_34' title='bbox 806 912 962 993; x_wconf 86' lang='lat' dir='ltr'><strong>dicuntur,</strong></span> <span class='ocrx_word' id='word_1_35' title='bbox 988 913 1149 996; x_wconf 85' lang='lat' dir='ltr'><strong>impositas</strong></span> <span class='ocrx_word' id='word_1_36' title='bbox 1170 912 1382 997; x_wconf 89' lang='lat' dir='ltr'><strong>patiebantur,</strong></span> <span class='ocrx_word' id='word_1_37' title='bbox 1402 914 1455 980; x_wconf 86' lang='lat' dir='ltr'><strong>sed</strong></span> <span class='ocrx_word' id='word_1_38' title='bbox 1478 917 1573 981; x_wconf 90' lang='lat' dir='ltr'><strong>etiam</strong></span> 
     </span>
     <span class='ocr_line' id='line_1_6' title="bbox 259 1014 1574 1101; baseline 0.002 -22"><span class='ocrx_word' id='word_1_39' title='bbox 259 1015 324 1100; x_wconf 90' lang='lat' dir='ltr'><strong>ipsi</strong></span> <span class='ocrx_word' id='word_1_40' title='bbox 345 1016 551 1101; x_wconf 84' lang='lat' dir='ltr'>imponebant</span> <span class='ocrx_word' id='word_1_41' title='bbox 565 1020 602 1080; x_wconf 90' lang='lat' dir='ltr'><strong>ut</strong></span> <span class='ocrx_word' id='word_1_42' title='bbox 617 1014 772 1099; x_wconf 80' lang='lat' dir='ltr'><strong>Corcyrae</strong></span> <span class='ocrx_word' id='word_1_43' title='bbox 778 1017 808 1099; x_wconf 91' lang='grc'><strong>11.</strong></span> <span class='ocrx_word' id='word_1_44' title='bbox 837 1014 1051 1099; x_wconf 79' lang='lat' dir='ltr'><strong>Quamobrem</strong></span> <span class='ocrx_word' id='word_1_45' title='bbox 1067 1016 1298 1081; x_wconf 76' lang='lat' dir='ltr'><strong>aasentimdum</strong></span> <span class='ocrx_word' id='word_1_46' title='bbox 1319 1023 1367 1083; x_wconf 90' lang='lat' dir='ltr'><strong>est</strong></span> <span class='ocrx_word' id='word_1_47' title='bbox 1383 1016 1574 1084; x_wconf 83' lang='lat' dir='ltr'><strong>Schwartzio</strong></span> 
     </span>
     <span class='ocr_line' id='line_1_7' title="bbox 260 1118 1574 1203; baseline 0.002 -19"><span class='ocrx_word' id='word_1_48' title='bbox 260 1120 319 1203; x_wconf 91' lang='lat' dir='ltr'><strong>qui</strong></span> <span class='ocrx_word' id='word_1_49' title='bbox 341 1119 461 1200; x_wconf 75' lang='lat' dir='ltr'><strong>dicitu:</strong></span> <span class='ocrx_word' id='word_1_50' title='bbox 489 1118 721 1184; x_wconf 81' lang='lat' dir='ltr'><strong>Demosthenes</strong></span> <span class='ocrx_word' id='word_1_51' title='bbox 743 1118 830 1183; x_wconf 87' lang='lat' dir='ltr'><strong>hatte</strong></span> <span class='ocrx_word' id='word_1_52' title='bbox 851 1118 949 1183; x_wconf 86' lang='lat' dir='ltr'><strong>echon</strong></span> <span class='ocrx_word' id='word_1_53' title='bbox 978 1139 1034 1184; x_wconf 89' lang='lat' dir='ltr'><strong>vor</strong></span> <span class='ocrx_word' id='word_1_54' title='bbox 1054 1140 1220 1202; x_wconf 91' lang='lat' dir='ltr'><strong>gersumer</strong></span> <span class='ocrx_word' id='word_1_55' title='bbox 1241 1119 1315 1186; x_wconf 85' lang='lat' dir='ltr'><strong>Zeit</strong></span> <span class='ocrx_word' id='word_1_56' title='bbox 1335 1120 1386 1185; x_wconf 90' lang='lat' dir='ltr'><strong>die</strong></span> <span class='ocrx_word' id='word_1_57' title='bbox 1409 1121 1574 1188; x_wconf 80' lang='lat' dir='ltr'><strong>Friedens-</strong></span> 
     </span>
     <span class='ocr_line' id='line_1_8' title="bbox 261 1220 1575 1306; baseline 0.003 -19"><span class='ocrx_word' id='word_1_58' title='bbox 261 1224 367 1306; x_wconf 89' lang='lat' dir='ltr'><strong>partei</strong></span> <span class='ocrx_word' id='word_1_59' title='bbox 389 1223 554 1289; x_wconf 89' lang='lat' dir='ltr'><strong>verlassen.</strong></span> <span class='ocrx_word' id='word_1_60' title='bbox 577 1271 584 1286; x_wconf 94' lang='lat'><strong>.</strong></span> <span class='ocrx_word' id='word_1_61' title='bbox 608 1271 615 1286; x_wconf 94' lang='lat'><strong>.</strong></span> <span class='ocrx_word' id='word_1_62' title='bbox 639 1243 674 1288; x_wconf 92' lang='lat' dir='ltr'><strong>so</strong></span> <span class='ocrx_word' id='word_1_63' title='bbox 696 1220 792 1306; x_wconf 82' lang='lat' dir='ltr'><strong>vdllig</strong></span> <span class='ocrx_word' id='word_1_64' title='bbox 813 1243 878 1287; x_wconf 89' lang='lat' dir='ltr'><strong>war</strong></span> <span class='ocrx_word' id='word_1_65' title='bbox 905 1221 963 1287; x_wconf 89' lang='lat' dir='ltr'><strong>der</strong></span> <span class='ocrx_word' id='word_1_66' title='bbox 983 1221 1261 1304; x_wconf 79' lang='lat' dir='ltr'><strong>Fshnenwechsel,</strong></span> <span class='ocrx_word' id='word_1_67' title='bbox 1295 1223 1358 1288; x_wconf 82' lang='lat' dir='ltr'><strong>dab</strong></span> <span class='ocrx_word' id='word_1_68' title='bbox 1391 1246 1426 1289; x_wconf 90' lang='lat' dir='ltr'><strong>er</strong></span> <span class='ocrx_word' id='word_1_69' title='bbox 1453 1225 1486 1289; x_wconf 94' lang='lat' dir='ltr'><strong>in</strong></span> <span class='ocrx_word' id='word_1_70' title='bbox 1518 1225 1575 1291; x_wconf 91' lang='lat' dir='ltr'><strong>der</strong></span> 
     </span>
     <span class='ocr_line' id='line_1_9' title="bbox 262 1324 1575 1411; baseline 0.004 -21"><span class='ocrx_word' id='word_1_71' title='bbox 262 1325 452 1393; x_wconf 90' lang='lat' dir='ltr'><strong>rhodischen</strong></span> <span class='ocrx_word' id='word_1_72' title='bbox 475 1326 578 1411; x_wconf 75' lang='lat' dir='ltr'><strong>h&#39;rage</strong></span> <span class='ocrx_word' id='word_1_73' title='bbox 600 1346 655 1391; x_wconf 85' lang='lat' dir='ltr'><strong>vor</strong></span> <span class='ocrx_word' id='word_1_74' title='bbox 676 1325 733 1390; x_wconf 91' lang='lat' dir='ltr'><strong>der</strong></span> <span class='ocrx_word' id='word_1_75' title='bbox 754 1324 903 1409; x_wconf 85' lang='lat' dir='ltr'><strong>Aufgsbe</strong></span> <span class='ocrx_word' id='word_1_76' title='bbox 925 1324 1027 1406; x_wconf 86' lang='lat' dir='ltr'><strong>stand,</strong></span> <span class='ocrx_word' id='word_1_77' title='bbox 1058 1325 1135 1391; x_wconf 92' lang='lat' dir='ltr'><strong>siles</strong></span> <span class='ocrx_word' id='word_1_78' title='bbox 1157 1348 1195 1391; x_wconf 90' lang='lat' dir='ltr'><strong>zu</strong></span> <span class='ocrx_word' id='word_1_79' title='bbox 1218 1326 1414 1410; x_wconf 87' lang='lat' dir='ltr'><strong>widerrufen,</strong></span> <span class='ocrx_word' id='word_1_80' title='bbox 1446 1350 1510 1395; x_wconf 87' lang='lat' dir='ltr'><strong>was</strong></span> <span class='ocrx_word' id='word_1_81' title='bbox 1540 1351 1575 1395; x_wconf 91' lang='lat' dir='ltr'><strong>er</strong></span> 
     </span>
     <span class='ocr_line' id='line_1_10' title="bbox 263 1427 1574 1515; baseline 0.003 -22"><span class='ocrx_word' id='word_1_82' title='bbox 263 1451 323 1495; x_wconf 88' lang='lat' dir='ltr'><strong>vor</strong></span> <span class='ocrx_word' id='word_1_83' title='bbox 344 1430 395 1496; x_wconf 92' lang='lat' dir='ltr'><strong>ein</strong></span> <span class='ocrx_word' id='word_1_84' title='bbox 417 1450 496 1514; x_wconf 91' lang='lat' dir='ltr'><strong>psar</strong></span> <span class='ocrx_word' id='word_1_85' title='bbox 516 1428 639 1495; x_wconf 88' lang='lat' dir='ltr'><strong>Jahren</strong></span> <span class='ocrx_word' id='word_1_86' title='bbox 662 1434 792 1513; x_wconf 90' lang='lat' dir='ltr'><strong>geraten</strong></span> <span class='ocrx_word' id='word_1_87' title='bbox 819 1428 916 1494; x_wconf 89' lang='lat' dir='ltr'><strong>hatte.</strong></span> <span class='ocrx_word' id='word_1_88' title='bbox 970 1427 1062 1512; x_wconf 78' lang='lat' dir='ltr'><strong>Quae</strong></span> <span class='ocrx_word' id='word_1_89' title='bbox 1092 1429 1119 1493; x_wconf 93' lang='lat' dir='ltr'><strong>si</strong></span> <span class='ocrx_word' id='word_1_90' title='bbox 1145 1429 1192 1493; x_wconf 92' lang='lat' dir='ltr'><strong>its</strong></span> <span class='ocrx_word' id='word_1_91' title='bbox 1213 1430 1283 1510; x_wconf 90' lang='lat' dir='ltr'><strong>sint,</strong></span> <span class='ocrx_word' id='word_1_92' title='bbox 1312 1436 1497 1515; x_wconf 90' lang='lat' dir='ltr'><strong>postquem</strong></span> <span class='ocrx_word' id='word_1_93' title='bbox 1519 1454 1574 1497; x_wconf 91' lang='lat' dir='ltr'><strong>an·</strong></span> 
     </span>
     <span class='ocr_line' id='line_1_11' title="bbox 263 1531 1574 1617; baseline 0.003 -21"><span class='ocrx_word' id='word_1_94' title='bbox 263 1554 343 1597; x_wconf 92' lang='lat' dir='ltr'><strong>num</strong></span> <span class='ocrx_word' id='word_1_95' title='bbox 366 1533 465 1598; x_wconf 91' lang='lat' dir='ltr'><strong>oratio</strong></span> <span class='ocrx_word' id='word_1_96' title='bbox 488 1532 672 1616; x_wconf 86' lang='lat' dir='ltr'><strong>scriptasit,</strong></span> <span class='ocrx_word' id='word_1_97' title='bbox 706 1532 767 1597; x_wconf 88' lang='lat' dir='ltr'><strong>dici</strong></span> <span class='ocrx_word' id='word_1_98' title='bbox 794 1537 906 1616; x_wconf 86' lang='lat' dir='ltr'><strong>potest.</strong></span> <span class='ocrx_word' id='word_1_99' title='bbox 961 1532 1128 1598; x_wconf 81' lang='lat' dir='ltr'><strong>Orationes</strong></span> <span class='ocrx_word' id='word_1_100' title='bbox 1149 1532 1232 1597; x_wconf 90' lang='lat' dir='ltr'><strong>enim</strong></span> <span class='ocrx_word' id='word_1_101' title='bbox 1256 1531 1418 1617; x_wconf 80' lang='lat' dir='ltr'><strong>Leptines,</strong></span> <span class='ocrx_word' id='word_1_102' title='bbox 1447 1534 1574 1601; x_wconf 90' lang='lat' dir='ltr'><strong>Andro-</strong></span> 
     </span>
     <span class='ocr_line' id='line_1_12' title="bbox 264 1635 1575 1720; baseline 0.003 -21"><span class='ocrx_word' id='word_1_103' title='bbox 264 1636 362 1717; x_wconf 86' lang='lat' dir='ltr'><strong>tions,</strong></span> <span class='ocrx_word' id='word_1_104' title='bbox 384 1635 585 1702; x_wconf 75' lang='lat' dir='ltr'><strong>Timocrates</strong></span> <span class='ocrx_word' id='word_1_105' title='bbox 605 1657 662 1720; x_wconf 91' lang='lat' dir='ltr'><strong>pro</strong></span> <span class='ocrx_word' id='word_1_106' title='bbox 675 1636 816 1720; x_wconf 89' lang='lat' dir='ltr'><strong>partibus</strong></span> <span class='ocrx_word' id='word_1_107' title='bbox 830 1636 961 1701; x_wconf 87' lang='lat' dir='ltr'><strong>divitum</strong></span> <span class='ocrx_word' id='word_1_108' title='bbox 984 1636 1173 1719; x_wconf 92' lang='lat' dir='ltr'><strong>compositae</strong></span> <span class='ocrx_word' id='word_1_109' title='bbox 1189 1642 1270 1701; x_wconf 88' lang='lat' dir='ltr'><strong>sunt.</strong></span> <span class='ocrx_word' id='word_1_110' title='bbox 1316 1636 1469 1720; x_wconf 79' lang='lat' dir='ltr'><strong>Leptines</strong></span> <span class='ocrx_word' id='word_1_111' title='bbox 1492 1639 1575 1703; x_wconf 93' lang='lat' dir='ltr'><strong>enim</strong></span> 
     </span>
     <span class='ocr_line' id='line_1_13' title="bbox 266 1738 1575 1823; baseline 0.002 -19"><span class='ocrx_word' id='word_1_112' title='bbox 266 1744 378 1805; x_wconf 87' lang='lat' dir='ltr'><strong>contra</strong></span> <span class='ocrx_word' id='word_1_113' title='bbox 412 1739 673 1823; x_wconf 83' lang='lat' dir='ltr'><strong>Aristophontem</strong></span> <span class='ocrx_word' id='word_1_114' title='bbox 711 1739 850 1823; x_wconf 91' lang='lat' dir='ltr'><strong>aliosque</strong></span> <span class='ocrx_word' id='word_1_115' title='bbox 886 1738 985 1823; x_wconf 88' lang='lat' dir='ltr'><strong>plebis</strong></span> <span class='ocrx_word' id='word_1_116' title='bbox 1021 1743 1190 1805; x_wconf 84' lang='lat' dir='ltr'><strong>sectatores</strong></span> <span class='ocrx_word' id='word_1_117' title='bbox 1226 1760 1282 1823; x_wconf 94' lang='lat' dir='ltr'><strong>pro</strong></span> <span class='ocrx_word' id='word_1_118' title='bbox 1314 1739 1474 1806; x_wconf 80' lang='lat' dir='ltr'><strong>Chabriae</strong></span> <span class='ocrx_word' id='word_1_119' title='bbox 1511 1741 1575 1807; x_wconf 93' lang='lat' dir='ltr'><strong>filio</strong></span> 
     </span>
     <span class='ocr_line' id='line_1_14' title="bbox 266 1841 1576 1929; baseline 0.003 -22"><span class='ocrx_word' id='word_1_120' title='bbox 266 1844 385 1927; x_wconf 85' lang='lat' dir='ltr'><strong>scripta</strong></span> <span class='ocrx_word' id='word_1_121' title='bbox 413 1849 462 1909; x_wconf 92' lang='lat' dir='ltr'><strong>est</strong></span> <span class='ocrx_word' id='word_1_122' title='bbox 483 1848 516 1908; x_wconf 89' lang='lat' dir='ltr'><strong>et</strong></span> <span class='ocrx_word' id='word_1_123' title='bbox 535 1842 569 1906; x_wconf 92' lang='lat' dir='ltr'><strong>in</strong></span> <span class='ocrx_word' id='word_1_124' title='bbox 592 1864 630 1907; x_wconf 92' lang='lat' dir='ltr'><strong>es</strong></span> <span class='ocrx_word' id='word_1_125' title='bbox 654 1842 816 1924; x_wconf 80' lang='lat' dir='ltr'><strong>Chabrias,</strong></span> <span class='ocrx_word' id='word_1_126' title='bbox 849 1841 1043 1923; x_wconf 84' lang='lat' dir='ltr'><strong>Timotheus,</strong></span> <span class='ocrx_word' id='word_1_127' title='bbox 1064 1842 1247 1927; x_wconf 82' lang='lat' dir='ltr'><strong>Iphicrates,</strong></span> <span class='ocrx_word' id='word_1_128' title='bbox 1275 1842 1388 1927; x_wconf 89' lang='lat' dir='ltr'><strong>quibus</strong></span> <span class='ocrx_word' id='word_1_129' title='bbox 1409 1844 1576 1929; x_wconf 90' lang='lat' dir='ltr'><strong>imperato·</strong></span> 
     </span>
     <span class='ocr_line' id='line_1_15' title="bbox 266 1944 1577 2031; baseline 0.002 -20"><span class='ocrx_word' id='word_1_130' title='bbox 266 1946 356 2011; x_wconf 88' lang='lat' dir='ltr'><strong>ribus</strong></span> <span class='ocrx_word' id='word_1_131' title='bbox 378 1945 490 2011; x_wconf 88' lang='lat' dir='ltr'><strong>divites</strong></span> <span class='ocrx_word' id='word_1_132' title='bbox 504 1944 662 2026; x_wconf 85' lang='lat' dir='ltr'><strong>favebant,</strong></span> <span class='ocrx_word' id='word_1_133' title='bbox 683 1966 747 2010; x_wconf 92' lang='lat' dir='ltr'><strong>non</strong></span> <span class='ocrx_word' id='word_1_134' title='bbox 760 1945 860 2011; x_wconf 89' lang='lat' dir='ltr'><strong>solum</strong></span> <span class='ocrx_word' id='word_1_135' title='bbox 875 1944 1023 2011; x_wconf 92' lang='lat' dir='ltr'><strong>laudibus</strong></span> <span class='ocrx_word' id='word_1_136' title='bbox 1045 1944 1224 2027; x_wconf 88' lang='lat' dir='ltr'><strong>efferuntur,</strong></span> <span class='ocrx_word' id='word_1_137' title='bbox 1247 1946 1303 2011; x_wconf 90' lang='lat' dir='ltr'><strong>sed</strong></span> <span class='ocrx_word' id='word_1_138' title='bbox 1324 1946 1419 2011; x_wconf 89' lang='lat' dir='ltr'><strong>etiam</strong></span> <span class='ocrx_word' id='word_1_139' title='bbox 1435 1947 1577 2031; x_wconf 89' lang='lat' dir='ltr'><strong>bonores,</strong></span> 
     </span>
     <span class='ocr_line' id='line_1_16' title="bbox 265 2046 1575 2134; baseline 0.002 -21"><span class='ocrx_word' id='word_1_140' title='bbox 265 2048 381 2132; x_wconf 89' lang='lat' dir='ltr'><strong>quibus</strong></span> <span class='ocrx_word' id='word_1_141' title='bbox 413 2046 517 2114; x_wconf 86' lang='lat' dir='ltr'><strong>affecti</strong></span> <span class='ocrx_word' id='word_1_142' title='bbox 538 2054 645 2130; x_wconf 88' lang='lat' dir='ltr'><strong>erant,</strong></span> <span class='ocrx_word' id='word_1_143' title='bbox 679 2048 812 2114; x_wconf 87' lang='lat' dir='ltr'><strong>tributos</strong></span> <span class='ocrx_word' id='word_1_144' title='bbox 833 2070 896 2113; x_wconf 92' lang='lat' dir='ltr'><strong>non</strong></span> <span class='ocrx_word' id='word_1_145' title='bbox 918 2049 1021 2113; x_wconf 89' lang='lat' dir='ltr'><strong>minus</strong></span> <span class='ocrx_word' id='word_1_146' title='bbox 1059 2048 1259 2113; x_wconf 87' lang='lat' dir='ltr'><strong>vehementer</strong></span> <span class='ocrx_word' id='word_1_147' title='bbox 1298 2048 1441 2114; x_wconf 79' lang='lat' dir='ltr'><strong>defendit</strong></span> <span class='ocrx_word' id='word_1_148' title='bbox 1479 2073 1575 2134; x_wconf 90' lang='lat' dir='ltr'><strong>quam</strong></span> 
     </span>
     <span class='ocr_line' id='line_1_17' title="bbox 265 2151 1575 2236; baseline 0.004 -21"><span class='ocrx_word' id='word_1_149' title='bbox 265 2153 301 2216; x_wconf 92' lang='lat' dir='ltr'><strong>in</strong></span> <span class='ocrx_word' id='word_1_150' title='bbox 323 2152 539 2218; x_wconf 80' lang='lat' dir='ltr'><strong>Aristocraten</strong></span> <span class='ocrx_word' id='word_1_151' title='bbox 561 2152 726 2236; x_wconf 90' lang='lat' dir='ltr'><strong>vituperat.</strong></span> <span class='ocrx_word' id='word_1_152' title='bbox 770 2151 894 2218; x_wconf 90' lang='lat' dir='ltr'><strong>Jisdem</strong></span> <span class='ocrx_word' id='word_1_153' title='bbox 916 2153 983 2217; x_wconf 81' lang='lat' dir='ltr'><strong>fere</strong></span> <span class='ocrx_word' id='word_1_154' title='bbox 998 2151 1191 2235; x_wconf 86' lang='lat' dir='ltr'><strong>temporibus</strong></span> <span class='ocrx_word' id='word_1_155' title='bbox 1212 2152 1443 2235; x_wconf 81' lang='lat' dir='ltr'><strong>Androtiona³)</strong></span> <span class='ocrx_word' id='word_1_156' title='bbox 1465 2153 1575 2220; x_wconf 91' lang='lat' dir='ltr'><strong>habita</strong></span> 
     </span>
     <span class='ocr_line' id='line_1_18' title="bbox 267 2254 1577 2339; baseline 0.002 -18"><span class='ocrx_word' id='word_1_157' title='bbox 267 2261 325 2321; x_wconf 89' lang='lat' dir='ltr'><strong>est.</strong></span> <span class='ocrx_word' id='word_1_158' title='bbox 380 2255 444 2321; x_wconf 90' lang='lat' dir='ltr'><strong>Pro</strong></span> <span class='ocrx_word' id='word_1_159' title='bbox 472 2255 582 2321; x_wconf 89' lang='lat' dir='ltr'><strong>iisdem</strong></span> <span class='ocrx_word' id='word_1_160' title='bbox 611 2254 754 2339; x_wconf 82' lang='lat' dir='ltr'><strong>partibus</strong></span> <span class='ocrx_word' id='word_1_161' title='bbox 784 2260 894 2321; x_wconf 74' lang='lat' dir='ltr'><strong>conns</strong></span> <span class='ocrx_word' id='word_1_162' title='bbox 925 2255 1058 2320; x_wconf 90' lang='lat' dir='ltr'><strong>eundem</strong></span> <span class='ocrx_word' id='word_1_163' title='bbox 1093 2254 1322 2321; x_wconf 87' lang='lat' dir='ltr'><strong>Androtionem</strong></span> <span class='ocrx_word' id='word_1_164' title='bbox 1346 2254 1577 2324; x_wconf 84' lang='lat' dir='ltr'><strong>Demosthenes</strong></span> 
     </span>
     <span class='ocr_line' id='line_1_19' title="bbox 268 2357 1577 2443; baseline 0.002 -19"><span class='ocrx_word' id='word_1_165' title='bbox 268 2359 443 2425; x_wconf 90' lang='lat' dir='ltr'><strong>orationem</strong></span> <span class='ocrx_word' id='word_1_166' title='bbox 465 2359 498 2422; x_wconf 92' lang='lat' dir='ltr'><strong>in</strong></span> <span class='ocrx_word' id='word_1_167' title='bbox 522 2357 733 2424; x_wconf 82' lang='lat' dir='ltr'><strong>Timocratem</strong></span> <span class='ocrx_word' id='word_1_168' title='bbox 755 2358 887 2443; x_wconf 88' lang='lat' dir='ltr'><strong>scripsit.</strong></span> <span class='ocrx_word' id='word_1_169' title='bbox 932 2358 1041 2423; x_wconf 82' lang='lat' dir='ltr'><strong>Etiam</strong></span> <span class='ocrx_word' id='word_1_170' title='bbox 1058 2358 1141 2423; x_wconf 90' lang='lat' dir='ltr'><strong>hanc</strong></span> <span class='ocrx_word' id='word_1_171' title='bbox 1162 2359 1335 2424; x_wconf 84' lang='lat' dir='ltr'><strong>orationem</strong></span> <span class='ocrx_word' id='word_1_172' title='bbox 1357 2380 1414 2443; x_wconf 93' lang='lat' dir='ltr'><strong>pro</strong></span> <span class='ocrx_word' id='word_1_173' title='bbox 1429 2359 1577 2427; x_wconf 90' lang='lat' dir='ltr'><strong>divitibus</strong></span> 
     </span>
     <span class='ocr_line' id='line_1_20' title="bbox 266 2460 1576 2547; baseline 0.002 -19"><span class='ocrx_word' id='word_1_174' title='bbox 266 2463 415 2547; x_wconf 85' lang='lat' dir='ltr'><strong>scriptam</strong></span> <span class='ocrx_word' id='word_1_175' title='bbox 438 2483 504 2528; x_wconf 91' lang='lat' dir='ltr'><strong>esse</strong></span> <span class='ocrx_word' id='word_1_176' title='bbox 527 2484 566 2528; x_wconf 87' lang='lat' dir='ltr'><strong>ex</strong></span> <span class='ocrx_word' id='word_1_177' title='bbox 587 2483 625 2527; x_wconf 91' lang='lat' dir='ltr'><strong>eo</strong></span> <span class='ocrx_word' id='word_1_178' title='bbox 652 2467 792 2547; x_wconf 89' lang='lat' dir='ltr'><strong>apparet,</strong></span> <span class='ocrx_word' id='word_1_179' title='bbox 821 2462 906 2546; x_wconf 91' lang='lat' dir='ltr'><strong>quod</strong></span> <span class='ocrx_word' id='word_1_180' title='bbox 931 2460 1162 2528; x_wconf 87' lang='lat' dir='ltr'><strong>Demosthenes</strong></span> <span class='ocrx_word' id='word_1_181' title='bbox 1185 2461 1400 2529; x_wconf 85' lang='lat' dir='ltr'><strong>Oalhstrstum</strong></span> <span class='ocrx_word' id='word_1_182' title='bbox 1429 2462 1576 2547; x_wconf 76' lang='lat' dir='ltr'><strong>laudat‘),</strong></span> 
     </span>
     <span class='ocr_line' id='line_1_21' title="bbox 269 2565 1578 2651; baseline 0 -20"><span class='ocrx_word' id='word_1_183' title='bbox 269 2566 492 2651; x_wconf 86' lang='lat' dir='ltr'><strong>Melanopum,</strong></span> <span class='ocrx_word' id='word_1_184' title='bbox 533 2565 708 2632; x_wconf 80' lang='lat' dir='ltr'><strong>Callistrati</strong></span> <span class='ocrx_word' id='word_1_185' title='bbox 741 2566 948 2648; x_wconf 76' lang='lat' dir='ltr'><strong>inimicum),</strong></span> <span class='ocrx_word' id='word_1_186' title='bbox 983 2566 1255 2631; x_wconf 77' lang='lat' dir='ltr'><strong>vehementissime</strong></span> <span class='ocrx_word' id='word_1_187' title='bbox 1289 2566 1468 2633; x_wconf 87' lang='lat' dir='ltr'><strong>insectatur.</strong></span> <span class='ocrx_word' id='word_1_188' title='bbox 1522 2568 1578 2632; x_wconf 84' lang='lat' dir='ltr'><strong>Sin</strong></span> 
     </span>
     <span class='ocr_line' id='line_1_22' title="bbox 270 2667 1580 2754; baseline 0 -19"><span class='ocrx_word' id='word_1_189' title='bbox 270 2675 377 2736; x_wconf 89' lang='lat' dir='ltr'><strong>autem</strong></span> <span class='ocrx_word' id='word_1_190' title='bbox 398 2668 597 2735; x_wconf 90' lang='lat' dir='ltr'><strong>Timocrates</strong></span> <span class='ocrx_word' id='word_1_191' title='bbox 620 2667 794 2753; x_wconf 71' lang='lat' dir='ltr'><strong>esest-352⁶),</strong></span> <span class='ocrx_word' id='word_1_192' title='bbox 827 2670 943 2753; x_wconf 89' lang='lat' dir='ltr'><strong>scripta</strong></span> <span class='ocrx_word' id='word_1_193' title='bbox 974 2676 1030 2750; x_wconf 88' lang='lat' dir='ltr'><strong>est,</strong></span> <span class='ocrx_word' id='word_1_194' title='bbox 1059 2676 1191 2753; x_wconf 89' lang='lat' dir='ltr'><strong>apparet</strong></span> <span class='ocrx_word' id='word_1_195' title='bbox 1219 2669 1392 2734; x_wconf 90' lang='lat' dir='ltr'><strong>orationem</strong></span> <span class='ocrx_word' id='word_1_196' title='bbox 1416 2668 1487 2735; x_wconf 90' lang='lat' dir='ltr'><strong>XV</strong></span> <span class='ocrx_word' id='word_1_197' title='bbox 1508 2676 1580 2754; x_wconf 90' lang='lat' dir='ltr'><strong>post</strong></span> 
     </span>
     <span class='ocr_line' id='line_1_23' title="bbox 270 2771 1580 2856; baseline 0 -18"><span class='ocrx_word' id='word_1_198' title='bbox 270 2795 389 2838; x_wconf 90' lang='lat' dir='ltr'><strong>annum</strong></span> <span class='ocrx_word' id='word_1_199' title='bbox 410 2771 473 2839; x_wconf 92' lang='grc'><strong>352</strong></span> <span class='ocrx_word' id='word_1_200' title='bbox 495 2772 637 2838; x_wconf 88' lang='lat' dir='ltr'><strong>habitam</strong></span> <span class='ocrx_word' id='word_1_201' title='bbox 659 2794 734 2838; x_wconf 90' lang='lat' dir='ltr'><strong>esee.</strong></span> <span class='ocrx_word' id='word_1_202' title='bbox 791 2772 876 2837; x_wconf 92' lang='lat' dir='ltr'><strong>Nam</strong></span> <span class='ocrx_word' id='word_1_203' title='bbox 898 2771 954 2837; x_wconf 91' lang='lat' dir='ltr'><strong>ills</strong></span> <span class='ocrx_word' id='word_1_204' title='bbox 983 2794 1039 2856; x_wconf 91' lang='lat' dir='ltr'><strong>pro</strong></span> <span class='ocrx_word' id='word_1_205' title='bbox 1071 2772 1227 2853; x_wconf 71' lang='lat' dir='ltr'><strong>didbbus,</strong></span> <span class='ocrx_word' id='word_1_206' title='bbox 1259 2772 1338 2837; x_wconf 90' lang='lat' dir='ltr'><strong>haec</strong></span> <span class='ocrx_word' id='word_1_207' title='bbox 1359 2794 1416 2856; x_wconf 90' lang='lat' dir='ltr'><strong>pro</strong></span> <span class='ocrx_word' id='word_1_208' title='bbox 1437 2773 1580 2856; x_wconf 89' lang='lat' dir='ltr'><strong>partibus</strong></span> 
     </span>
     <span class='ocr_line' id='line_1_24' title="bbox 270 2875 1579 2960; baseline 0.001 -20"><span class='ocrx_word' id='word_1_209' title='bbox 270 2876 370 2960; x_wconf 89' lang='lat' dir='ltr'><strong>plebis</strong></span> <span class='ocrx_word' id='word_1_210' title='bbox 403 2877 576 2960; x_wconf 91' lang='lat' dir='ltr'><strong>composita</strong></span> <span class='ocrx_word' id='word_1_211' title='bbox 608 2882 664 2943; x_wconf 88' lang='lat' dir='ltr'><strong>eet.</strong></span> <span class='ocrx_word' id='word_1_212' title='bbox 721 2875 802 2942; x_wconf 83' lang='lat' dir='ltr'><strong>Cum</strong></span> <span class='ocrx_word' id='word_1_213' title='bbox 831 2877 863 2939; x_wconf 90' lang='lat' dir='ltr'><strong>in</strong></span> <span class='ocrx_word' id='word_1_214' title='bbox 893 2876 1035 2941; x_wconf 85' lang='lat' dir='ltr'><strong>oratione</strong></span> <span class='ocrx_word' id='word_1_215' title='bbox 1066 2876 1104 2940; x_wconf 89' lang='lat'><strong>11</strong></span> <span class='ocrx_word' id='word_1_216' title='bbox 1129 2882 1160 2941; x_wconf 89' lang='lat' dir='ltr'><strong>et</strong></span> <span class='ocrx_word' id='word_1_217' title='bbox 1183 2876 1224 2940; x_wconf 81' lang='grc'><strong>27</strong></span> <span class='ocrx_word' id='word_1_218' title='bbox 1247 2876 1430 2957; x_wconf 89' lang='lat' dir='ltr'><strong>Artemisia,</strong></span> <span class='ocrx_word' id='word_1_219' title='bbox 1463 2875 1579 2943; x_wconf 84' lang='lat' dir='ltr'><strong>Oarise</strong></span> 
     </span>
     <span class='ocr_line' id='line_1_25' title="bbox 270 2979 1579 3064; baseline 0.001 -21"><span class='ocrx_word' id='word_1_220' title='bbox 270 2981 389 3064; x_wconf 89' lang='lat' dir='ltr'><strong>regins,</strong></span> <span class='ocrx_word' id='word_1_221' title='bbox 404 2985 670 3062; x_wconf 89' lang='lat' dir='ltr'><strong>commemoretur,</strong></span> <span class='ocrx_word' id='word_1_222' title='bbox 692 2981 791 3045; x_wconf 91' lang='lat' dir='ltr'><strong>oratio</strong></span> <span class='ocrx_word' id='word_1_223' title='bbox 807 3000 870 3044; x_wconf 93' lang='lat' dir='ltr'><strong>non</strong></span> <span class='ocrx_word' id='word_1_224' title='bbox 885 2992 957 3063; x_wconf 89' lang='lat' dir='ltr'><strong>post</strong></span> <span class='ocrx_word' id='word_1_225' title='bbox 971 2980 1046 3043; x_wconf 92' lang='lat' dir='ltr'><strong>anni</strong></span> <span class='ocrx_word' id='word_1_226' title='bbox 1062 2979 1178 3059; x_wconf 89' lang='grc'><strong>351150</strong></span> <span class='ocrx_word' id='word_1_227' title='bbox 1193 2980 1326 3063; x_wconf 84' lang='lat' dir='ltr'><strong>primam</strong></span> <span class='ocrx_word' id='word_1_228' title='bbox 1342 2985 1463 3063; x_wconf 86' lang='lat' dir='ltr'><strong>partem</strong></span> <span class='ocrx_word' id='word_1_229' title='bbox 1484 2984 1579 3062; x_wconf 87' lang='lat' dir='ltr'><strong>(anno</strong></span> 
     </span>
     <span class='ocr_line' id='line_1_26' title="bbox 272 3082 1579 3171; baseline -0.001 -23"><span class='ocrx_word' id='word_1_230' title='bbox 272 3084 355 3148; x_wconf 90' lang='lat' dir='ltr'><strong>enim</strong></span> <span class='ocrx_word' id='word_1_231' title='bbox 388 3082 650 3171; x_wconf 63' lang='lat' dir='ltr'><strong>3511501drieus</strong></span> <span class='ocrx_word' id='word_1_232' title='bbox 682 3105 814 3167; x_wconf 88' lang='lat' dir='ltr'><strong>regnare</strong></span> <span class='ocrx_word' id='word_1_233' title='bbox 837 3084 949 3168; x_wconf 90' lang='lat' dir='ltr'><strong>coepit)</strong></span> <span class='ocrx_word' id='word_1_234' title='bbox 981 3084 1097 3168; x_wconf 89' lang='lat' dir='ltr'><strong>scripta</strong></span> <span class='ocrx_word' id='word_1_235' title='bbox 1130 3086 1213 3163; x_wconf 70' lang='lat' dir='ltr'><strong>est&#39;l.</strong></span> <span class='ocrx_word' id='word_1_236' title='bbox 1272 3082 1353 3149; x_wconf 83' lang='lat' dir='ltr'><strong>Cum</strong></span> <span class='ocrx_word' id='word_1_237' title='bbox 1382 3083 1415 3146; x_wconf 92' lang='lat' dir='ltr'><strong>in</strong></span> <span class='ocrx_word' id='word_1_238' title='bbox 1439 3083 1579 3147; x_wconf 89' lang='lat' dir='ltr'><strong>oratione</strong></span> 
     </span>
     <span class='ocr_line' id='line_1_27' title="bbox 274 3185 1580 3271; baseline -0.002 -19"><span class='ocrx_word' id='word_1_239' title='bbox 274 3187 312 3252; x_wconf 90' lang='lat'><strong>11</strong></span> <span class='ocrx_word' id='word_1_240' title='bbox 327 3210 370 3271; x_wconf 90' lang='lat' dir='ltr'><strong>sq.</strong></span> <span class='ocrx_word' id='word_1_241' title='bbox 403 3187 577 3253; x_wconf 88' lang='lat' dir='ltr'><strong>calamitosi</strong></span> <span class='ocrx_word' id='word_1_242' title='bbox 603 3187 688 3253; x_wconf 92' lang='lat' dir='ltr'><strong>illius</strong></span> <span class='ocrx_word' id='word_1_243' title='bbox 719 3186 794 3252; x_wconf 89' lang='lat' dir='ltr'><strong>belli</strong></span> <span class='ocrx_word' id='word_1_244' title='bbox 829 3210 848 3251; x_wconf 91' lang='lat' dir='ltr'><strong>a</strong></span> <span class='ocrx_word' id='word_1_245' title='bbox 883 3187 966 3271; x_wconf 91' lang='lat' dir='ltr'><strong>regis</strong></span> <span class='ocrx_word' id='word_1_246' title='bbox 998 3186 1237 3271; x_wconf 85' lang='lat' dir='ltr'><strong>imperatoribus</strong></span> <span class='ocrx_word' id='word_1_247' title='bbox 1267 3186 1346 3270; x_wconf 85' lang='lat' dir='ltr'><strong>gesti</strong></span> <span class='ocrx_word' id='word_1_248' title='bbox 1378 3186 1494 3251; x_wconf 89' lang='lat' dir='ltr'><strong>mentio</strong></span> <span class='ocrx_word' id='word_1_249' title='bbox 1515 3185 1580 3267; x_wconf 87' lang='lat' dir='ltr'><strong>fiat,</strong></span> 
     </span>
     <span class='ocr_line' id='line_1_28' title="bbox 272 3290 856 3375; baseline -0.002 -19"><span class='ocrx_word' id='word_1_250' title='bbox 272 3290 390 3357; x_wconf 92' lang='lat' dir='ltr'><strong>bellum</strong></span> <span class='ocrx_word' id='word_1_251' title='bbox 413 3290 476 3357; x_wconf 89' lang='grc'><strong>352</strong></span> <span class='ocrx_word' id='word_1_252' title='bbox 497 3290 548 3356; x_wconf 90' lang='lat' dir='ltr'><strong>vel</strong></span> <span class='ocrx_word' id='word_1_253' title='bbox 569 3290 631 3356; x_wconf 90' lang='grc'><strong>351</strong></span> <span class='ocrx_word' id='word_1_254' title='bbox 655 3297 778 3375; x_wconf 91' lang='lat' dir='ltr'><strong>gestum</strong></span> <span class='ocrx_word' id='word_1_255' title='bbox 801 3298 856 3357; x_wconf 88' lang='lat' dir='ltr'><strong>est.</strong></span> 
     </span>
    </p>

    <p class='ocr_par' dir='ltr' id='par_1_3' title="bbox 273 3392 1584 3992">
     <span class='ocr_line' id='line_1_29' title="bbox 358 3392 1581 3478; baseline -0.003 -19"><span class='ocrx_word' id='word_1_256' title='bbox 358 3393 423 3459; x_wconf 89' lang='lat' dir='ltr'><strong>Res</strong></span> <span class='ocrx_word' id='word_1_257' title='bbox 445 3393 580 3459; x_wconf 85' lang='lat' dir='ltr'><strong>breviter</strong></span> <span class='ocrx_word' id='word_1_258' title='bbox 600 3394 763 3478; x_wconf 89' lang='lat' dir='ltr'><strong>complecti</strong></span> <span class='ocrx_word' id='word_1_259' title='bbox 785 3394 894 3460; x_wconf 88' lang='lat' dir='ltr'><strong>liceat:</strong></span> <span class='ocrx_word' id='word_1_260' title='bbox 927 3393 990 3460; x_wconf 88' lang='grc'><strong>352</strong></span> <span class='ocrx_word' id='word_1_261' title='bbox 1020 3393 1069 3458; x_wconf 83' lang='lat' dir='ltr'><strong>vel</strong></span> <span class='ocrx_word' id='word_1_262' title='bbox 1100 3393 1162 3459; x_wconf 91' lang='grc'><strong>351</strong></span> <span class='ocrx_word' id='word_1_263' title='bbox 1185 3393 1336 3478; x_wconf 83' lang='lat' dir='ltr'><strong>Aegyptii</strong></span> <span class='ocrx_word' id='word_1_264' title='bbox 1368 3414 1387 3456; x_wconf 92' lang='lat' dir='ltr'><strong>a</strong></span> <span class='ocrx_word' id='word_1_265' title='bbox 1410 3413 1482 3475; x_wconf 88' lang='lat' dir='ltr'><strong>rege</strong></span> <span class='ocrx_word' id='word_1_266' title='bbox 1505 3392 1581 3456; x_wconf 88' lang='lat' dir='ltr'><strong>Per-</strong></span> 
     </span>
     <span class='ocr_line' id='line_1_30' title="bbox 274 3494 1583 3582; baseline -0.002 -20"><span class='ocrx_word' id='word_1_267' title='bbox 274 3518 379 3563; x_wconf 90' lang='lat' dir='ltr'><strong>sarum</strong></span> <span class='ocrx_word' id='word_1_268' title='bbox 402 3497 591 3561; x_wconf 86' lang='lat' dir='ltr'><strong>defecerant.</strong></span> <span class='ocrx_word' id='word_1_269' title='bbox 645 3496 724 3578; x_wconf 87' lang='lat' dir='ltr'><strong>Rex,</strong></span> <span class='ocrx_word' id='word_1_270' title='bbox 755 3503 792 3563; x_wconf 90' lang='lat' dir='ltr'><strong>ut</strong></span> <span class='ocrx_word' id='word_1_271' title='bbox 820 3497 996 3582; x_wconf 85' lang='lat' dir='ltr'><strong>Aegyptios</strong></span> <span class='ocrx_word' id='word_1_272' title='bbox 1026 3498 1058 3560; x_wconf 92' lang='lat' dir='ltr'><strong>in</strong></span> <span class='ocrx_word' id='word_1_273' title='bbox 1090 3501 1275 3580; x_wconf 88' lang='lat' dir='ltr'><strong>potestatem</strong></span> <span class='ocrx_word' id='word_1_274' title='bbox 1306 3518 1395 3561; x_wconf 91' lang='lat' dir='ltr'><strong>susm</strong></span> <span class='ocrx_word' id='word_1_275' title='bbox 1419 3494 1583 3578; x_wconf 85' lang='lat' dir='ltr'><strong>redigeret,</strong></span> 
     </span>
     <span class='ocr_line' id='line_1_31' title="bbox 273 3598 1583 3683; baseline -0.002 -19"><span class='ocrx_word' id='word_1_276' title='bbox 273 3600 476 3683; x_wconf 86' lang='lat' dir='ltr'><strong>imperatores</strong></span> <span class='ocrx_word' id='word_1_277' title='bbox 509 3619 581 3663; x_wconf 90' lang='lat' dir='ltr'><strong>cum</strong></span> <span class='ocrx_word' id='word_1_278' title='bbox 613 3599 799 3665; x_wconf 86' lang='lat' dir='ltr'><strong>exercitibus</strong></span> <span class='ocrx_word' id='word_1_279' title='bbox 828 3600 941 3680; x_wconf 85' lang='lat' dir='ltr'><strong>emisit,</strong></span> <span class='ocrx_word' id='word_1_280' title='bbox 974 3600 1028 3683; x_wconf 90' lang='lat' dir='ltr'><strong>qui</strong></span> <span class='ocrx_word' id='word_1_281' title='bbox 1057 3604 1165 3664; x_wconf 63' lang='lat' dir='ltr'><strong>amen</strong></span> <span class='ocrx_word' id='word_1_282' title='bbox 1193 3620 1242 3664; x_wconf 93' lang='lat' dir='ltr'><strong>res</strong></span> <span class='ocrx_word' id='word_1_283' title='bbox 1276 3598 1358 3663; x_wconf 87' lang='lat' dir='ltr'><strong>male</strong></span> <span class='ocrx_word' id='word_1_284' title='bbox 1382 3603 1583 3682; x_wconf 72' lang='lat' dir='ltr'><strong>gesserunt8).</strong></span> 
     </span>
     <span class='ocr_line' id='line_1_32' title="bbox 275 3700 1582 3786; baseline -0.002 -19"><span class='ocrx_word' id='word_1_285' title='bbox 275 3701 491 3786; x_wconf 82' lang='lat' dir='ltr'><strong>Quamobrem</strong></span> <span class='ocrx_word' id='word_1_286' title='bbox 524 3700 641 3766; x_wconf 90' lang='lat' dir='ltr'><strong>bellum</strong></span> <span class='ocrx_word' id='word_1_287' title='bbox 670 3702 800 3767; x_wconf 92' lang='lat' dir='ltr'><strong>dilatum</strong></span> <span class='ocrx_word' id='word_1_288' title='bbox 829 3708 924 3785; x_wconf 88' lang='lat' dir='ltr'><strong>atque</strong></span> <span class='ocrx_word' id='word_1_289' title='bbox 945 3724 1047 3786; x_wconf 89' lang='lat' dir='ltr'><strong>paene</strong></span> <span class='ocrx_word' id='word_1_290' title='bbox 1068 3703 1252 3767; x_wconf 87' lang='lat' dir='ltr'><strong>restinctum</strong></span> <span class='ocrx_word' id='word_1_291' title='bbox 1275 3702 1323 3783; x_wconf 88' lang='lat' dir='ltr'><strong>sit,</strong></span> <span class='ocrx_word' id='word_1_292' title='bbox 1346 3722 1409 3766; x_wconf 90' lang='lat' dir='ltr'><strong>non</strong></span> <span class='ocrx_word' id='word_1_293' title='bbox 1431 3701 1582 3766; x_wconf 89' lang='lat' dir='ltr'><strong>traditum</strong></span> 
     </span>
     <span class='ocr_line' id='line_1_33' title="bbox 276 3803 1584 3889; baseline -0.002 -19"><span class='ocrx_word' id='word_1_294' title='bbox 276 3811 334 3871; x_wconf 89' lang='lat' dir='ltr'><strong>est.</strong></span> <span class='ocrx_word' id='word_1_295' title='bbox 379 3804 529 3887; x_wconf 84' lang='lat' dir='ltr'><strong>Suspicor</strong></span> <span class='ocrx_word' id='word_1_296' title='bbox 558 3810 664 3869; x_wconf 91' lang='lat' dir='ltr'><strong>sutem</strong></span> <span class='ocrx_word' id='word_1_297' title='bbox 694 3825 800 3888; x_wconf 92' lang='lat' dir='ltr'><strong>regem</strong></span> <span class='ocrx_word' id='word_1_298' title='bbox 830 3806 932 3889; x_wconf 91' lang='lat' dir='ltr'><strong>primo</strong></span> <span class='ocrx_word' id='word_1_299' title='bbox 955 3803 1118 3887; x_wconf 84' lang='lat' dir='ltr'><strong>Orontem,</strong></span> <span class='ocrx_word' id='word_1_300' title='bbox 1150 3806 1203 3888; x_wconf 91' lang='lat' dir='ltr'><strong>qui</strong></span> <span class='ocrx_word' id='word_1_301' title='bbox 1232 3804 1294 3869; x_wconf 89' lang='lat' dir='ltr'><strong>illis</strong></span> <span class='ocrx_word' id='word_1_302' title='bbox 1321 3805 1514 3888; x_wconf 89' lang='lat' dir='ltr'><strong>temporibus</strong></span> <span class='ocrx_word' id='word_1_303' title='bbox 1536 3825 1584 3868; x_wconf 88' lang='lat' dir='ltr'><strong>re-</strong></span> 
     </span>
     <span class='ocr_line' id='line_1_34' title="bbox 276 3907 1584 3992; baseline -0.002 -20"><span class='ocrx_word' id='word_1_304' title='bbox 276 3907 487 3990; x_wconf 68' lang='lat' dir='ltr'><strong>celaveras),</strong></span> <span class='ocrx_word' id='word_1_305' title='bbox 519 3907 688 3992; x_wconf 85' lang='lat' dir='ltr'><strong>subegisse.</strong></span> <span class='ocrx_word' id='word_1_306' title='bbox 743 3907 820 3973; x_wconf 90' lang='lat' dir='ltr'><strong>Post</strong></span> <span class='ocrx_word' id='word_1_307' title='bbox 851 3925 971 3973; x_wconf 90' lang='lat' dir='ltr'><strong>annum</strong></span> <span class='ocrx_word' id='word_1_308' title='bbox 992 3908 1055 3974; x_wconf 88' lang='grc'><strong>348</strong></span> <span class='ocrx_word' id='word_1_309' title='bbox 1089 3908 1171 3973; x_wconf 90' lang='lat' dir='ltr'><strong>bello</strong></span> <span class='ocrx_word' id='word_1_310' title='bbox 1198 3907 1360 3972; x_wconf 83' lang='lat' dir='ltr'><strong>Euboeioo</strong></span> <span class='ocrx_word' id='word_1_311' title='bbox 1383 3912 1479 3991; x_wconf 89' lang='lat' dir='ltr'><strong>gesto,</strong></span> <span class='ocrx_word' id='word_1_312' title='bbox 1512 3928 1584 3970; x_wconf 93' lang='lat' dir='ltr'><strong>cum</strong></span> 
     </span>
    </p>
   </div>
   <div class='ocr_carea' id='block_1_3' title="bbox 276 4062 1589 4939">
    <p class='ocr_par' dir='ltr' id='par_1_4' title="bbox 370 4062 1266 4134">
     <span class='ocr_line' id='line_1_35' title="bbox 370 4062 1266 4134; baseline -0.001 -16"><span class='ocrx_word' id='word_1_313' title='bbox 370 4065 399 4132; x_wconf 91' lang='lat'><strong>1)</strong></span> <span class='ocrx_word' id='word_1_314' title='bbox 419 4065 502 4120; x_wconf 92' lang='lat' dir='ltr'><strong>Diod.</strong></span> <span class='ocrx_word' id='word_1_315' title='bbox 522 4065 581 4133; x_wconf 85' lang='lat' dir='ltr'><strong>XV,</strong></span> <span class='ocrx_word' id='word_1_316' title='bbox 599 4064 635 4119; x_wconf 87' lang='grc'><strong>95</strong></span> <span class='ocrx_word' id='word_1_317' title='bbox 653 4068 683 4119; x_wconf 92' lang='lat' dir='ltr'><strong>et</strong></span> <span class='ocrx_word' id='word_1_318' title='bbox 701 4064 771 4120; x_wconf 85' lang='lat' dir='ltr'><strong>Aen.</strong></span> <span class='ocrx_word' id='word_1_319' title='bbox 789 4062 804 4117; x_wconf 86' lang='grc' dir='ltr'>ὁ</span> <span class='ocrx_word' id='word_1_320' title='bbox 823 4083 897 4119; x_wconf 76' lang='lat' dir='ltr'><strong>runt.</strong></span> <span class='ocrx_word' id='word_1_321' title='bbox 918 4066 959 4131; x_wconf 91' lang='lat' dir='ltr'><strong>ll,</strong></span> <span class='ocrx_word' id='word_1_322' title='bbox 981 4065 1022 4119; x_wconf 87' lang='grc'><strong>13.</strong></span> <span class='ocrx_word' id='word_1_323' title='bbox 1130 4065 1158 4129; x_wconf 88' lang='grc'><strong>21</strong></span> <span class='ocrx_word' id='word_1_324' title='bbox 1177 4083 1204 4134; x_wconf 89' lang='lat' dir='ltr'><strong>p.</strong></span> <span class='ocrx_word' id='word_1_325' title='bbox 1222 4064 1266 4119; x_wconf 90' lang='grc'><strong>50.</strong></span> 
     </span>
    </p>

    <p class='ocr_par' dir='ltr' id='par_1_5' title="bbox 276 4151 1587 4583">
     <span class='ocr_line' id='line_1_36' title="bbox 366 4151 1585 4223; baseline -0.003 -15"><span class='ocrx_word' id='word_1_326' title='bbox 366 4155 393 4222; x_wconf 90' lang='grc'><strong>3)</strong></span> <span class='ocrx_word' id='word_1_327' title='bbox 413 4154 619 4209; x_wconf 87' lang='lat' dir='ltr'><strong>Androtisnsm</strong></span> <span class='ocrx_word' id='word_1_328' title='bbox 639 4154 793 4223; x_wconf 86' lang='lat' dir='ltr'><strong>Dionysius</strong></span> <span class='ocrx_word' id='word_1_329' title='bbox 814 4171 886 4208; x_wconf 87' lang='lat' dir='ltr'><strong>anno</strong></span> <span class='ocrx_word' id='word_1_330' title='bbox 904 4153 989 4223; x_wconf 88' lang='grc'><strong>35514</strong></span> <span class='ocrx_word' id='word_1_331' title='bbox 1013 4154 1140 4207; x_wconf 87' lang='lat' dir='ltr'><strong>habitam</strong></span> <span class='ocrx_word' id='word_1_332' title='bbox 1166 4170 1227 4208; x_wconf 88' lang='lat' dir='ltr'><strong>esse</strong></span> <span class='ocrx_word' id='word_1_333' title='bbox 1252 4153 1324 4207; x_wconf 89' lang='lat' dir='ltr'><strong>dicit</strong></span> <span class='ocrx_word' id='word_1_334' title='bbox 1342 4153 1389 4222; x_wconf 86' lang='lat' dir='ltr'><strong>(ad</strong></span> <span class='ocrx_word' id='word_1_335' title='bbox 1408 4152 1489 4205; x_wconf 86' lang='lat' dir='ltr'><strong>Anm.</strong></span> <span class='ocrx_word' id='word_1_336' title='bbox 1509 4152 1530 4215; x_wconf 92' lang='lat' dir='ltr'><strong>I,</strong></span> <span class='ocrx_word' id='word_1_337' title='bbox 1549 4151 1585 4219; x_wconf 83' lang='grc'><strong>41,</strong></span> 
     </span>
     <span class='ocr_line' id='line_1_37' title="bbox 277 4240 1586 4314; baseline -0.003 -17"><span class='ocrx_word' id='word_1_338' title='bbox 277 4243 382 4314; x_wconf 88' lang='lat' dir='ltr'><strong>quade</strong></span> <span class='ocrx_word' id='word_1_339' title='bbox 402 4260 431 4297; x_wconf 92' lang='lat' dir='ltr'><strong>re</strong></span> <span class='ocrx_word' id='word_1_340' title='bbox 446 4242 554 4298; x_wconf 88' lang='lat' dir='ltr'><strong>dubito.</strong></span> <span class='ocrx_word' id='word_1_341' title='bbox 587 4241 618 4295; x_wconf 87' lang='lat' dir='ltr'><strong>Si</strong></span> <span class='ocrx_word' id='word_1_342' title='bbox 637 4243 728 4297; x_wconf 90' lang='lat' dir='ltr'><strong>oratio</strong></span> <span class='ocrx_word' id='word_1_343' title='bbox 743 4259 815 4296; x_wconf 88' lang='lat' dir='ltr'><strong>anno</strong></span> <span class='ocrx_word' id='word_1_344' title='bbox 828 4241 912 4314; x_wconf 89' lang='grc'><strong>35514</strong></span> <span class='ocrx_word' id='word_1_345' title='bbox 931 4241 1032 4296; x_wconf 89' lang='lat' dir='ltr'><strong>habita</strong></span> <span class='ocrx_word' id='word_1_346' title='bbox 1051 4248 1133 4307; x_wconf 85' lang='lat' dir='ltr'><strong>esset,</strong></span> <span class='ocrx_word' id='word_1_347' title='bbox 1154 4245 1270 4296; x_wconf 86' lang='lat' dir='ltr'><strong>senatus</strong></span> <span class='ocrx_word' id='word_1_348' title='bbox 1290 4258 1363 4296; x_wconf 86' lang='lat' dir='ltr'><strong>anuo</strong></span> <span class='ocrx_word' id='word_1_349' title='bbox 1381 4240 1483 4308; x_wconf 86' lang='grc'><strong>356155</strong></span> <span class='ocrx_word' id='word_1_350' title='bbox 1502 4257 1586 4294; x_wconf 86' lang='lat' dir='ltr'><strong>naves</strong></span> 
     </span>
     <span class='ocr_line' id='line_1_38' title="bbox 276 4328 1586 4402; baseline -0.006 -13"><span class='ocrx_word' id='word_1_351' title='bbox 276 4332 471 4389; x_wconf 85' lang='lat' dir='ltr'><strong>aedificandas</strong></span> <span class='ocrx_word' id='word_1_352' title='bbox 490 4332 672 4401; x_wconf 86' lang='lat' dir='ltr'><strong>neglexisset,</strong></span> <span class='ocrx_word' id='word_1_353' title='bbox 692 4349 775 4402; x_wconf 90' lang='lat' dir='ltr'><strong>qusm</strong></span> <span class='ocrx_word' id='word_1_354' title='bbox 795 4349 861 4399; x_wconf 90' lang='lat' dir='ltr'><strong>rem,</strong></span> <span class='ocrx_word' id='word_1_355' title='bbox 885 4350 948 4385; x_wconf 94' lang='lat' dir='ltr'><strong>cum</strong></span> <span class='ocrx_word' id='word_1_356' title='bbox 977 4332 1027 4396; x_wconf 91' lang='lat' dir='ltr'><strong>illo</strong></span> <span class='ocrx_word' id='word_1_357' title='bbox 1057 4348 1130 4385; x_wconf 87' lang='lat' dir='ltr'><strong>anno</strong></span> <span class='ocrx_word' id='word_1_358' title='bbox 1149 4331 1339 4385; x_wconf 83' lang='lat' dir='ltr'><strong>Athenienses</strong></span> <span class='ocrx_word' id='word_1_359' title='bbox 1357 4330 1462 4384; x_wconf 92' lang='lat' dir='ltr'><strong>bellurn</strong></span> <span class='ocrx_word' id='word_1_360' title='bbox 1483 4328 1586 4382; x_wconf 86' lang='lat' dir='ltr'><strong>sociale</strong></span> 
     </span>
     <span class='ocr_line' id='line_1_39' title="bbox 276 4417 1587 4493; baseline -0.005 -16"><span class='ocrx_word' id='word_1_361' title='bbox 276 4425 419 4493; x_wconf 84' lang='lat' dir='ltr'><strong>gererent,</strong></span> <span class='ocrx_word' id='word_1_362' title='bbox 440 4439 520 4476; x_wconf 91' lang='lat' dir='ltr'><strong>nemo</strong></span> <span class='ocrx_word' id='word_1_363' title='bbox 545 4421 651 4476; x_wconf 89' lang='lat' dir='ltr'><strong>credat.</strong></span> <span class='ocrx_word' id='word_1_364' title='bbox 688 4421 785 4475; x_wconf 91' lang='lat' dir='ltr'><strong>Orstio</strong></span> <span class='ocrx_word' id='word_1_365' title='bbox 805 4438 871 4489; x_wconf 91' lang='lat' dir='ltr'><strong>ergo</strong></span> <span class='ocrx_word' id='word_1_366' title='bbox 889 4420 972 4490; x_wconf 89' lang='grc'><strong>35413</strong></span> <span class='ocrx_word' id='word_1_367' title='bbox 992 4420 1092 4474; x_wconf 85' lang='lat' dir='ltr'><strong>habita</strong></span> <span class='ocrx_word' id='word_1_368' title='bbox 1111 4424 1164 4485; x_wconf 88' lang='lat' dir='ltr'><strong>est,</strong></span> <span class='ocrx_word' id='word_1_369' title='bbox 1185 4420 1259 4491; x_wconf 92' lang='lat' dir='ltr'><strong>quod</strong></span> <span class='ocrx_word' id='word_1_370' title='bbox 1279 4420 1335 4473; x_wconf 90' lang='lat' dir='ltr'><strong>ism</strong></span> <span class='ocrx_word' id='word_1_371' title='bbox 1355 4418 1498 4472; x_wconf 83' lang='lat' dir='ltr'><strong>Schwartz</strong></span> <span class='ocrx_word' id='word_1_372' title='bbox 1513 4417 1587 4470; x_wconf 90' lang='lat' dir='ltr'><strong>vidit</strong></span> 
     </span>
     <span class='ocr_line' id='line_1_40' title="bbox 276 4510 657 4583; baseline -0.003 -17"><span class='ocrx_word' id='word_1_373' title='bbox 276 4512 375 4583; x_wconf 75' lang='lat' dir='ltr'><strong>(R-W.</strong></span> <span class='ocrx_word' id='word_1_374' title='bbox 394 4528 416 4566; x_wconf 88' lang='lat' dir='ltr'><strong>s.</strong></span> <span class='ocrx_word' id='word_1_375' title='bbox 436 4529 459 4565; x_wconf 87' lang='lat' dir='ltr'><strong>v.</strong></span> <span class='ocrx_word' id='word_1_376' title='bbox 480 4510 657 4581; x_wconf 86' lang='lat' dir='ltr'><strong>Androtion).</strong></span> 
     </span>
    </p>

    <p class='ocr_par' dir='ltr' id='par_1_6' title="bbox 366 4596 1587 4670">
     <span class='ocr_line' id='line_1_41' title="bbox 366 4596 1587 4670; baseline -0.008 -15"><span class='ocrx_word' id='word_1_377' title='bbox 366 4601 393 4670; x_wconf 87' lang='grc'><strong>41</strong></span> <span class='ocrx_word' id='word_1_378' title='bbox 414 4600 475 4655; x_wconf 89' lang='grc'><strong>135.</strong></span> <span class='ocrx_word' id='word_1_379' title='bbox 566 4599 592 4669; x_wconf 88' lang='grc'><strong>51</strong></span> <span class='ocrx_word' id='word_1_380' title='bbox 612 4601 660 4655; x_wconf 88' lang='lat' dir='ltr'><strong>Ar.</strong></span> <span class='ocrx_word' id='word_1_381' title='bbox 680 4600 763 4656; x_wconf 86' lang='lat' dir='ltr'><strong>Rhet.</strong></span> <span class='ocrx_word' id='word_1_382' title='bbox 783 4600 808 4665; x_wconf 85' lang='lat'><strong>1,</strong></span> <span class='ocrx_word' id='word_1_383' title='bbox 828 4599 870 4665; x_wconf 87' lang='lat'><strong>14,</strong></span> <span class='ocrx_word' id='word_1_384' title='bbox 891 4616 917 4669; x_wconf 93' lang='lat' dir='ltr'><strong>p.</strong></span> <span class='ocrx_word' id='word_1_385' title='bbox 937 4598 1033 4654; x_wconf 70' lang='grc'><strong>13741.</strong></span> <span class='ocrx_word' id='word_1_386' title='bbox 1061 4597 1276 4653; x_wconf 86' lang='lat' dir='ltr'><strong>Ansxandrides</strong></span> <span class='ocrx_word' id='word_1_387' title='bbox 1297 4614 1342 4667; x_wconf 91' lang='lat' dir='ltr'><strong>ap.</strong></span> <span class='ocrx_word' id='word_1_388' title='bbox 1356 4596 1587 4665; x_wconf 67' lang='lat' dir='ltr'><strong>Athanpeseu.</strong></span> 
     </span>
    </p>

    <p class='ocr_par' dir='ltr' id='par_1_7' title="bbox 370 4684 1589 4759">
     <span class='ocr_line' id='line_1_42' title="bbox 370 4684 1589 4759; baseline -0.002 -16"><span class='ocrx_word' id='word_1_389' title='bbox 370 4689 397 4759; x_wconf 86' lang='lat'><strong>6)</strong></span> <span class='ocrx_word' id='word_1_390' title='bbox 416 4689 548 4744; x_wconf 84' lang='lat' dir='ltr'><strong>Schssfer</strong></span> <span class='ocrx_word' id='word_1_391' title='bbox 565 4689 600 4757; x_wconf 73' lang='lat'><strong>1²,</strong></span> <span class='ocrx_word' id='word_1_392' title='bbox 619 4689 680 4745; x_wconf 88' lang='lat'><strong>388.</strong></span> <span class='ocrx_word' id='word_1_393' title='bbox 734 4690 760 4758; x_wconf 78' lang='lat'><strong>7)</strong></span> <span class='ocrx_word' id='word_1_394' title='bbox 781 4689 816 4742; x_wconf 82' lang='lat' dir='ltr'><strong>ci.</strong></span> <span class='ocrx_word' id='word_1_395' title='bbox 836 4705 906 4758; x_wconf 89' lang='lat' dir='ltr'><strong>quse</strong></span> <span class='ocrx_word' id='word_1_396' title='bbox 920 4688 1064 4759; x_wconf 85' lang='lat' dir='ltr'><strong>p.40sqq.</strong></span> <span class='ocrx_word' id='word_1_397' title='bbox 1078 4687 1203 4758; x_wconf 88' lang='lat' dir='ltr'><strong>exposui.</strong></span> <span class='ocrx_word' id='word_1_398' title='bbox 1257 4686 1285 4754; x_wconf 89' lang='grc'><strong>81</strong></span> <span class='ocrx_word' id='word_1_399' title='bbox 1304 4685 1386 4739; x_wconf 91' lang='lat' dir='ltr'><strong>Diod.</strong></span> <span class='ocrx_word' id='word_1_400' title='bbox 1399 4685 1443 4751; x_wconf 86' lang='grc'><strong>16,</strong></span> <span class='ocrx_word' id='word_1_401' title='bbox 1461 4684 1503 4752; x_wconf 87' lang='grc'><strong>90,</strong></span> <span class='ocrx_word' id='word_1_402' title='bbox 1522 4685 1589 4756; x_wconf 85' lang='lat' dir='ltr'><strong>3sq.</strong></span> 
     </span>
    </p>

    <p class='ocr_par' dir='ltr' id='par_1_8' title="bbox 277 4774 1588 4939">
     <span class='ocr_line' id='line_1_43' title="bbox 367 4774 1588 4847; baseline 0 -18"><span class='ocrx_word' id='word_1_403' title='bbox 367 4777 393 4847; x_wconf 88' lang='lat'><strong>9)</strong></span> <span class='ocrx_word' id='word_1_404' title='bbox 416 4778 495 4832; x_wconf 92' lang='lat' dir='ltr'><strong>Dem.</strong></span> <span class='ocrx_word' id='word_1_405' title='bbox 521 4779 579 4845; x_wconf 84' lang='lat' dir='ltr'><strong>XV,</strong></span> <span class='ocrx_word' id='word_1_406' title='bbox 599 4779 632 4834; x_wconf 88' lang='grc'><strong>31</strong></span> <span class='ocrx_word' id='word_1_407' title='bbox 654 4778 715 4834; x_wconf 86' lang='lat' dir='ltr'><strong>CIA</strong></span> <span class='ocrx_word' id='word_1_408' title='bbox 734 4777 795 4833; x_wconf 91' lang='grc'><strong>108.</strong></span> <span class='ocrx_word' id='word_1_409' title='bbox 841 4776 965 4832; x_wconf 83' lang='lat' dir='ltr'><strong>Orontes</strong></span> <span class='ocrx_word' id='word_1_410' title='bbox 990 4778 1079 4832; x_wconf 90' lang='lat' dir='ltr'><strong>denuo</strong></span> <span class='ocrx_word' id='word_1_411' title='bbox 1110 4776 1301 4831; x_wconf 87' lang='lat' dir='ltr'><strong>rebellaverat</strong></span> <span class='ocrx_word' id='word_1_412' title='bbox 1330 4777 1381 4828; x_wconf 92' lang='lat' dir='ltr'><strong>aut</strong></span> <span class='ocrx_word' id='word_1_413' title='bbox 1409 4774 1532 4829; x_wconf 91' lang='lat' dir='ltr'><strong>nondum</strong></span> <span class='ocrx_word' id='word_1_414' title='bbox 1558 4776 1588 4829; x_wconf 92' lang='lat' dir='ltr'><strong>in</strong></span> 
     </span>
     <span class='ocr_line' id='line_1_44' title="bbox 277 4866 801 4939; baseline 0 -18"><span class='ocrx_word' id='word_1_415' title='bbox 277 4869 452 4939; x_wconf 85' lang='lat' dir='ltr'><strong>potestatem</strong></span> <span class='ocrx_word' id='word_1_416' title='bbox 472 4867 547 4935; x_wconf 89' lang='lat' dir='ltr'><strong>regis</strong></span> <span class='ocrx_word' id='word_1_417' title='bbox 568 4868 700 4923; x_wconf 84' lang='lat' dir='ltr'><strong>redactus</strong></span> <span class='ocrx_word' id='word_1_418' title='bbox 720 4866 801 4922; x_wconf 75' lang='lat' dir='ltr'><strong>eret?</strong></span> 
     </span>
    </p>
   </div>
   <div class='ocr_carea' id='block_1_4' title="bbox 1319 4969 1360 5023">
    <p class='ocr_par' dir='ltr' id='par_1_9' title="bbox 1319 4969 1360 5023">
     <span class='ocr_line' id='line_1_45' title="bbox 1319 4969 1360 5023; baseline 0 -25"><span class='ocrx_word' id='word_1_419' title='bbox 1319 4969 1360 5023; x_wconf 68' lang='lat'><strong>3.</strong></span> 
     </span>
    </p>
   </div>
   <div class='ocr_carea' id='block_1_5' title="bbox 0 0 1857 5709">
    <p class='ocr_par' dir='ltr' id='par_1_10' title="bbox 0 0 1857 5709">
     <span class='ocr_line' id='line_1_46' title="bbox 0 0 1857 5709; baseline 0 0"><span class='ocrx_word' id='word_1_420' title='bbox 0 0 1857 5709; x_wconf 95' lang='lat' dir='ltr'><strong> </strong></span> 
     </span>
    </p>
   </div>
  </div>
 </body>
</html>
