3650 5709
890 478 1101 544 ..34„.

340 665 530 751 politischeo
552 664 684 750 Gegner
704 665 848 750 Philipps
875 665 1021 750 beseitigt
1048 666 1096 731 ist
1152 662 1342 731 Schaeferus
1370 685 1445 748 ergo
1467 671 1651 749 argumento

340 793 437 855 supra
459 769 557 835 allato
579 768 747 853 epistulam
778 790 840 833 non
864 769 1033 852 genuinam
1067 789 1135 834 esse
1169 788 1231 832 non
1262 765 1485 850 comprobavit
1529 766 1651 832 'l'amen

340 873 510 939 difficulter
532 872 758 938 Demosthenis
779 871 883 952 verba,
904 893 987 955 quae
1009 876 1134 938 exstant
1154 871 1187 935 in
1209 890 1253 935 or.
1276 869 1317 935 de
1338 890 1399 935 cor.
1423 869 1503 950 579,
1526 869 1568 933 ad
1590 870 1651 953 epi-

341 976 459 1041 stulam
481 976 571 1042 nobis
593 981 749 1041 servatam
771 974 878 1040 referri
909 980 1047 1059 possunt
1101 973 1332 1040 Demosthenes
1361 973 1445 1038 enim
1477 972 1556 1037 dicit
1580 971 1650 1037 Phi-

341 1079 464 1164 lippum
487 1079 638 1161 omnium,
667 1101 748 1163 quae
778 1084 882 1144 orator
909 1077 1069 1160 fecerit,
1060 1101 1092 1142 1n
1126 1077 1207 1163 epist
1193 1076 1260 1144 tula
1297 1076 1487 1142 mentionem
1516 1096 1581 1140 non
1611 1077 1650 1141 fe·

343 1184 437 1248 nime:
469 1185 541 1260 τοῖς
562 1172 678 1260 λίλλοις
699 1179 845 1267 ίγκαλῶν
873 1183 939 1246 τῶν
968 1178 1041 1264 ἒμοι
1032 1178 1306 1267 πεπραγμένων
1328 1170 1367 1246 οὗ
1389 1177 1564 1267 μέμνηται.
1608 1181 1651 1245 At

343 1288 409 1372 §3
441 1286 608 1371 Philippus
640 1292 769 1351 accusat
797 1285 1022 1367 Athenienses,
1052 1284 1150 1369 quod,
1180 1306 1251 1349 cum
1281 1282 1450 1368 Diopithes
1483 1282 1650 1347 Thraciam

343 1389 523 1470 vastaverit,
544 1388 650 1454 ταῦτα
663 1391 724 1453 τῶι
741 1384 849 1475 δήμιοι
872 1379 1115 1453 συνδοκοῦντ’
1099 1382 1264 1473 εποίησεν.
1299 1385 1534 1452 Demosthenes
1549 1390 1650 1451 autem

343 1493 466 1577 ipsein
489 1493 635 1558 contione
655 1491 839 1576 Diopithem
861 1491 972 1574 (VIII,
993 1492 1025 1575 8)
1047 1490 1195 1573 defendit,
1216 1512 1256 1555 ne
1278 1511 1298 1555 a
1320 1488 1436 1574 populo
1457 1488 1651 1557 multaretur.

344 1596 454 1681 §dea
477 1601 607 1662 accusat
628 1617 683 1661 rex
701 1594 923 1677 Athenienses,
943 1594 1027 1680 quod
1049 1595 1090 1660 ad
1112 1594 1280 1660 Persarum
1302 1614 1407 1677 regem
1429 1592 1554 1677 legatos
1576 1593 1650 1679 περὶ

344 1700 403 1786 τῆς
425 1696 607 1783 ἐπιμαχίας
629 1700 786 1766 miserant.
832 1698 1063 1765 Demosthenes
1085 1702 1190 1763 autem
1219 1697 1414 1781 rogationem
1437 1695 1480 1760 ad
1501 1696 1650 1780 populum

345 1802 475 1885 tulerat,
507 1808 544 1868 ut
575 1802 672 1887 legati
705 1804 901 1868 mitterentur
914 1805 946 1885 ¹).
991 1802 1074 1887 §14
1100 1799 1207 1867 scribit
1237 1821 1305 1867 rex:
1335 1796 1393 1865 καί
1425 1794 1575 1877 διδόντος
1605 1803 1651 1881 (sc.

346 1904 438 1990 ἐμοῦ)
469 1900 566 1995 αὐτῆι
604 1910 655 1988 (sc.
687 1906 740 1991 τῆι
772 1900 886 1983 πόλει)
917 1902 976 1992 τήν
1010 1906 1107 1992 νῆσον
1139 1910 1190 1985 (sc.
1217 1894 1426 1992 Ἁλόννησον)
1458 1896 1490 1967 οἱ
1524 1899 1652 1990 ῥήτορες

347 2005 525 2095 λαμβάνειν
546 2007 605 2093 μὲν
627 2003 684 2074 cira
706 2003 790 2088 εἴων,
821 2001 1005 2092 ἀπολαβεῖν
1028 2006 1064 2074 δὲ
1086 2002 1321 2090 συνεβούλευον,
1350 2000 1448 2084 ὅπως
1469 2000 1651 2091 ὑπομείνας

346 2110 385 2180 cd
409 2108 694 2200 προσταττόμενον
716 2109 775 2200 τὴν
796 2106 970 2198 ἀλλοτρίαν
992 2108 1075 2193 ἔχειν
1096 2105 1259 2195 ὁμολογῶ,
1285 2108 1331 2195 με)
1353 2107 1537 2196 προέμενος
1559 2109 1596 2175 δὲ
1618 2105 1650 2177 τὸ

347 2212 467 2303 χωρίον
489 2210 644 2292 ίίποπτος
666 2213 808 2301 γένωμαι
831 2215 894 2279 τῶι
919 2209 1058 2299 πλήθει.
1103 2212 1168 2299 Qui
1183 2219 1275 2279 erant
1294 2212 1341 2277 illi
1354 2213 1495 2280 rhetores
1507 2214 1652 2297 insidiosi,

348 2341 427 2405 quos
440 2320 605 2404 Philippus
627 2318 776 2384 accusat?
818 2316 893 2383 Non
916 2317 1017 2384 solum
1036 2317 1238 2402 Hegesippus
1252 2316 1335 2401 (VII
1350 2317 1467 2401 2sqq.),
1489 2317 1651 2383 sedetiam

349 2424 580 2490 Demosthenes
602 2422 730 2503 (Aesch.
755 2423 785 2503 3,
806 2422 869 2503 83),
901 2444 1033 2506 quorum
1065 2427 1196 2505 uterque
1227 2421 1332 2503 etiam,
1361 2426 1397 2486 ut
1429 2420 1593 2487 arbitrium
1623 2415 1652 2511 (t,

350 2523 469 2613 κρίσις)
501 2527 540 2592 de
561 2525 748 2592 Halonneso
775 2526 952 2607 reiceretur,
984 2531 1156 2608 suaserant,
1184 2526 1273 2591 cuius
1305 2526 1350 2590 rei
1382 2526 1415 2589 in
1438 2524 1549 2591 eadem
1573 2527 1593 2608 ᾖ
1618 2526 1652 2590 14

351 2630 517 2715 Philippus
539 2630 751 2695 Athenienses
772 2634 907 2696 accusat.

437 2734 564 2798 Dixerit
592 2734 762 2817 quispiam,
801 2732 895 2817 idque
925 2732 1058 2799 fortasse
1088 2754 1144 2798 suo
1172 2734 1253 2814 iure,
1293 2731 1542 2797 Demosthenem
1573 2732 1653 2814 §79

351 2858 460 2903 omnes
482 2858 532 2903 res
553 2858 573 2902 a
594 2858 628 2903 se
649 2842 769 2921 gestas,
791 2858 924 2920 quarum
946 2835 1127 2921 Philippum
1150 2857 1213 2901 non
1236 2836 1425 2901 mentionem
1447 2836 1561 2901 fecisse
1583 2835 1655 2900 dicit

350 2962 494 3026 quaeque
525 2941 558 3004 in
591 2941 725 3025 epistula
755 2940 843 3006 uobis
874 2940 992 3006 tradita
1021 2961 1129 3005 revera
1156 2961 1220 3005 non
1247 2944 1547 3023 commemorantur,
1581 2961 1654 3005 enu-

351 3065 481 3110 merare.
547 3044 682 3110 Restant
709 3049 814 3109 autem
841 3043 1056 3128 expeditiones
1083 3043 1157 3109 illae
1165 3047 1203 3127 ²),
1235 3064 1274 3108 ex
1302 3042 1416 3127 quibus
1448 3049 1533 3109 certe
1565 3045 1656 3109 unius

351 3171 393 3215 sc.
413 3148 511 3229 illius,
542 3148 593 3213 cui
614 3148 780 3232 Diopithes
806 3152 964 3232 praeerat,
996 3146 1163 3231 Philippus
1193 3167 1287 3232 saepe
1316 3147 1350 3211 iu
1381 3146 1518 3231 epistula
1540 3148 1656 3213 tradita

352 3252 543 3316 mentionem
564 3252 650 3315 facit
694 3250 760 3317 Sed
781 3272 977 3335 quocumque
999 3250 1093 3315 modo
1114 3272 1164 3317 res
1185 3271 1219 3316 se
1241 3250 1345 3332 habet,
1368 3250 1513 3334 graviora
1528 3256 1658 3334 possunt

352 3353 455 3419 afferri
478 3358 672 3437 argumenta.
715 3353 856 3418 Primum
878 3361 984 3419 autem
1006 3352 1221 3438 quaerendum
1250 3359 1304 3435 est,
1337 3375 1400 3437 quo
1430 3358 1573 3438 tempore
1595 3354 1657 3438 epi-

351 3457 435 3522 stula
458 3480 478 3523 a
499 3455 646 3541 Philippo
669 3458 764 3523 missa
786 3458 833 3539 sit,
855 3479 918 3542 qua
940 3457 1187 3523 Atheniensibus
1208 3456 1328 3523 bellum
1349 3457 1471 3523 indixit.

436 3560 563 3626 Bellum
585 3561 735 3626 exarsisse
756 3561 887 3627 navibus
907 3561 1057 3628 onerariis
1080 3561 1326 3628 Atheniensium
1348 3583 1369 3626 a
1388 3560 1536 3646 Philippo
1558 3561 1658 3645 captis

352 3669 489 3730 constat:
520 3662 648 3731 XVIII
671 3664 712 3729 72
741 3662 795 3729 καί
824 3662 887 3753 μὴν
912 3662 972 3753 τήν
998 3656 1125 3753 εἰρήνην
1153 3655 1183 3750 γ’
1210 3663 1331 3743 ἐκεῖνος
1358 3658 1452 3730 ἔλυσε
1482 3660 1524 3728 τὰ
1551 3664 1658 3729 πλοῖα

352 3763 474 3852 λαβὼν,
505 3760 561 3847 cix
587 3759 608 3854 ἡ
637 3763 744 3844 πόλις.
788 3769 827 3833 ef.
851 3768 922 3834 139.
967 3768 1059 3853 Quae
1090 3789 1140 3834 res
1168 3767 1320 3833 Perintho
1352 3773 1550 3853 oppugnata,
1586 3789 1656 3833 cnm

350 3869 517 3954 Philippus
527 3868 716 3954 Byzantium
737 3870 899 3952 obsideret,
921 3873 1008 3937 facta
1029 3877 1084 3937 est
1127 3870 1275 3937 Jmtinus
1297 3871 1380 3937 enim
1403 3871 1480 3936 dicit
1501 3869 1559 3936 IX
1575 3872 1604 3953 l,
1619 3871 1659 3937 5:

352 3972 518 4057 Phihppns
551 3972 646 4057 longa
678 3972 846 4040 obsidionis
867 3985 921 4052 (se.
944 3974 1103 4061 Byzantii)
1131 3996 1219 4040 mora
1240 3975 1410 4042 exhaustus
1433 3975 1660 4041 commercium

352 4075 392 4140 de
424 4075 557 4158 piratica
588 4081 757 4142 mutuatur.
814 4077 926 4163 Captis
957 4078 1063 4162 itaque
1101 4077 1235 4145 CLXX
1269 4074 1487 4163 (OLXXXP)
1524 4077 1661 4144 naribus

352 4177 568 4262 mercibusque
596 4179 750 4246 distractis
778 4181 978 4247 anhelantem
1004 4181 1143 4266 inopiam
1172 4181 1335 4266 paululum
1363 4182 1523 4248 recreavit.
1580 4181 1662 4267 Qui-

352 4282 483 4347 buscum
505 4303 552 4363 ea,
573 4304 654 4365 quae
674 4282 879 4350 Philochorus
901 4287 1049 4367 nar-rats),
1081 4285 1293 4369 comparanda
1314 4290 1401 4351 sunt:
1431 4284 1603 4352 Charetem
1627 4308 1664 4353 se

352 4385 395 4450 ad
431 4384 513 4452 Ochi
548 4387 769 4470 imperatorum
806 4387 972 4453 concilium
1007 4388 1188 4470 contulisse,
1232 4409 1328 4455 naves
1375 4389 1535 4473 onerarias
1573 4390 1665 4474 apud

352 4487 475 4554 Hieron
486 4495 511 4571 ⁴)
538 4488 707 4573 reliquisse.
750 4490 932 4575 Philippum
955 4486 1002 4569 εἰς
1022 4490 1059 4557 τὸ
1083 4490 1186 4577 πέραν
1208 4484 1259 4579 ἐφ’
1278 4483 1380 4579 ’Ἱερον
1402 4492 1571 4575 hendisse,
1604 4494 1665 4561 du·

440 4664 468 4730 1)
484 4662 526 4716 IX
544 4663 577 4717 71
598 4663 633 4718 cf.
652 4664 668 4732 ᾖ
687 4662 722 4718 'ld
740 4666 824 4714 ταῦτα
841 4665 919 4733 λέγω,
938 4665 1023 4717 ταῦτα
1041 4661 1148 4735 γράφω.
1167 4665 1193 4719 X
1211 4664 1319 4735 33⁸qq.

440 4747 657 4819 2)(ίποσιόλοας
682 4748 842 4820 dutmala,
869 4749 936 4805 καθ’
963 4746 1012 4811 οὓς
1039 4749 1212 4827 Χερρόνησος
1238 4747 1332 4818 ἐσώθη
1361 4753 1409 4805 καὶ
1435 4748 1590 4813 Βυζάντιον
1618 4756 1669 4807 καὶ

353 4834 454 4897 πάντες
473 4841 502 4891 οἱ
518 4836 670 4910 σύμμαχοι,

441 4928 470 4997 3)
491 4927 557 4984 Did.
576 4928 620 4997 10,
638 4928 743 5003 54sqq.
872 4928 899 5002 4)
918 4928 983 4983 Arr.
1002 4931 1112 5000 περιπλ.
1130 4928 1173 5000 12,
1192 4930 1216 4993 1,

216 5097 398 5215 Α
